ticker,stockName,lastPrice,eps,fairValue,fairValueShare,fairValueGraham,sharesOutstanding,historic_fcf_growth,future_fcf_growth,delta,delta_graham,last_cf,fcf_1,fcf_2,fcf_3,fcf_4,fcf_5,fcf_6,dcf_1,dcf_2,dcf_3,dcf_4,dcf_5,dcf_6,bondYield,timestamp
MMM,3M Company,150.52,7.26,3998930148.391246,7.37,61.71,542899968,-0.5222542192875339,-0.05,-95.1,-59.0,638000000.0,606100000.0,575795000.0,547005249.9999999,519654987.49999994,493672238.1249998,4936722381.249998,527043478.2608696,435383742.9111532,359664831.10051775,297114425.69173217,245442351.65838736,2134281318.768586,4.4,2025-02-28 10:16:03
AOS,A. O. Smith Corporation,65.94,3.63,2969738408.005913,25.15,30.85,118089000,-0.05754734608322698,-0.05,-61.9,-53.2,473800000.0,450110000.0,427604500.0,406224274.99999994,385913061.24999994,366617408.1874999,3666174081.874999,391400000.00000006,323330434.78260875,267099054.82041588,220647045.28643054,182273646.1061817,1584988227.010276,4.4,2025-02-28 10:16:03
ABT,Abbott Laboratories,135.87,7.64,39807531931.71286,22.95,64.94,1734320000,-0.09778756082950568,-0.05,-83.1,-52.2,6351000000.0,6033450000.0,5731777500.0,5445188624.999999,5172929193.749999,4914282734.062498,49142827340.624985,5246478260.869566,4334047258.979207,3580299909.591518,2957639055.7495155,2443267046.053947,21245800400.46911,4.4,2025-02-28 10:16:03
ABBV,AbbVie Inc.,205.02,2.4,111769470855.97603,63.31,20.4,1765350016,-0.06747974155644276,-0.05,-69.1,-90.0,17832000000.0,16940400000.0,16093380000.0,15288710999.999998,14524275449.999998,13798061677.499996,137980616774.99997,14730782608.695654,12168907372.400759,10052575655.461494,8304301628.424714,6860075258.263893,59652828332.729515,4.4,2025-02-28 10:16:03
ACN,Accenture plc,356.87,11.92,68443807455.97902,109.43,101.32,625480000,0.00864069147088209,0.00864069147088209,-69.3,-71.6,8614518000.0,8688953392.20836,8764031957.675306,8839759253.86253,8916140886.25203,8993182508.761053,89931825087.61053,7555611645.398575,6626867264.782842,5812285200.205494,5097832489.879343,4471201119.647505,38880009736.06526,4.4,2025-02-28 10:16:03
ADBE,Adobe Inc.,437.19,12.37,72469836111.91873,166.48,105.14,435300000,0.04586395210636063,0.04586395210636063,-61.9,-76.0,7873000000.0,8234086894.933377,8611734661.922215,9006702848.009298,9419785836.06662,9851814442.504154,98518144425.04153,7160075560.811633,6511708629.052715,5922053323.257532,5385793124.562375,4898092941.288757,42592112532.94572,4.4,2025-02-28 10:16:03
AMD,"Advanced Micro Devices, Inc.",99.51,1.0,15074337001.380795,9.3,8.5,1620480000,-0.09269548997557875,-0.05,-90.7,-91.5,2405000000.0,2284750000.0,2170512500.0,2061986874.9999998,1958887531.2499998,1860943154.6874995,18609431546.874996,1986739130.4347827,1641219281.6635163,1355789841.374209,1120000303.743912,925217642.2232314,8045370801.941144,4.4,2025-02-28 10:16:03
AFL,Aflac Incorporated,107.43,9.63,16967247510.49389,31.04,81.86,546588032,-0.18772398580293426,-0.05,-71.1,-23.8,2707000000.0,2571650000.0,2443067500.0,2320914124.9999995,2204868418.7499995,2094624997.8124993,20946249978.124992,2236217391.304348,1847310018.9035919,1526038711.2681844,1260640674.5258915,1041398818.086606,9055641896.40527,4.4,2025-02-28 10:16:03
A,"Agilent Technologies, Inc.",127.08,4.36,11375152632.649403,39.88,37.06,285232000,0.01916269930257286,0.01916269930257286,-68.6,-70.8,1373000000.0,1399310386.1424325,1426124950.303047,1453453353.893601,1481305443.46458,1509691254.2529564,15096912542.529564,1216791640.1238544,1078355349.9455934,955669173.2677578,846941195.0155013,750583369.0978653,6526811905.19883,4.4,2025-02-28 10:16:03
ABNB,"Airbnb, Inc.",139.45,4.11,42266222706.80594,97.64,34.94,432876992,0.2500389092946773,0.05,-30.0,-74.9,4518000000.0,4743900000.0,4981095000.0,5230149750.000001,5491657237.500001,5766240099.375002,57662400993.750015,4125130434.782609,3766423440.4536867,3438908358.675106,3139872849.225097,2866840427.55335,24929047196.11609,4.4,2025-02-28 10:16:03
AKAM,"Akamai Technologies, Inc.",77.87,3.27,6149611896.906598,40.91,27.8,150318000,-0.009962779112877795,-0.009962779112877795,-47.5,-64.3,833904000.0,825595998.6466547,817370768.0756624,809227483.6600013,801165328.9882268,793183495.7826209,7931834957.826209,717909564.0405694,618049730.1139225,532080206.2365424,458068877.105629,394352380.9256883,3429151138.4842467,4.4,2025-02-28 10:16:03
ARE,"Alexandria Real Estate Equities, Inc.",100.94,1.8,14074932813.575586,81.31,15.3,173092000,0.1419953840698458,0.05,-19.4,-84.8,1504524000.0,1579750200.0,1658737710.0,1741674595.5000002,1828758325.2750003,1920196241.5387506,19201962415.387505,1373695826.0869567,1254244015.1228735,1145179318.1556673,1045598507.8812617,954676898.5002825,8301538247.828544,4.4,2025-02-28 10:16:03
ALGN,"Align Technology, Inc.",185.77,5.61,5688446077.711469,77.08,47.69,73800000,0.06228042022050451,0.05,-58.5,-74.3,608060000.0,638463000.0,670386150.0,703905457.5000001,739100730.3750001,776055766.8937502,7760557668.937502,555185217.3913044,506908241.9659736,462829264.40371513,422583241.4120878,385836872.5936454,3355103239.9447427,4.4,2025-02-28 10:16:03
ALLE,Allegion plc,127.39,6.82,5453072424.921908,63.19,57.97,86290400,0.0956321506339004,0.05,-50.4,-54.5,582900000.0,612045000.0,642647250.0,674779612.5000001,708518593.1250001,743944522.7812502,7439445227.812502,532213043.47826093,485933648.3931948,443678548.5329171,405097805.1822287,369871909.0794262,3216277470.2558804,4.4,2025-02-28 10:16:03
ALL,The Allstate Corporation,195.06,16.99,81585597216.92221,307.84,144.41,265026000,0.22269730973970092,0.05,57.8,-26.0,8721000000.0,9157050000.0,9614902500.0,10095647625.000002,10600430006.250002,11130451506.562504,111304515065.62503,7962652173.913044,7270247637.051041,6638052190.350951,6060830260.755218,5533801542.428678,48120013412.42329,4.4,2025-02-28 10:16:03
GOOGL,Alphabet Inc.,168.5,8.04,623896967281.8842,106.96,68.34,5832999936,0.027830091971734694,0.027830091971734694,-36.5,-59.4,72764000000.0,74789028812.23131,76870414362.55243,79009725064.1676,81208572979.36487,83468615034.27391,834686150342.7391,65033938097.592445,58125077022.72396,51950176749.67871,46431265170.93057,41498653522.61006,360857856718.3484,4.4,2025-02-28 10:16:03
GOOG,Alphabet Inc.,170.21,8.03,623896967281.8842,113.5,68.25,5496999936,0.027830091971734694,0.027830091971734694,-33.3,-59.9,72764000000.0,74789028812.23131,76870414362.55243,79009725064.1676,81208572979.36487,83468615034.27391,834686150342.7391,65033938097.592445,58125077022.72396,51950176749.67871,46431265170.93057,41498653522.61006,360857856718.3484,4.4,2025-02-28 10:16:03
MO,"Altria Group, Inc.",55.08,6.54,70157735919.95833,41.5,55.59,1690659968,0.014952576608985968,0.014952576608985968,-24.7,0.9,8611000000.0,8739756637.179977,8870438517.841305,9003074429.334627,9137693589.455656,9274325652.881432,92743256528.81432,7599788380.156503,6707325911.411196,5919667579.080877,5224505967.005926,4610978950.192771,40095469132.11105,4.4,2025-02-28 10:16:03
AMZN,"Amazon.com, Inc.",208.74,5.53,252352822296.22043,23.81,47.01,10597699584,(-0.3465030936149437+1.1318898444479994j),0,-88.6,-77.5,32878000000.0,32878000000.0,32878000000.0,32878000000.0,32878000000.0,32878000000.0,328780000000.0,28589565217.391308,24860491493.383747,21617818689.89891,18798103208.60775,16346176703.137175,142140666983.80154,4.4,2025-02-28 10:16:03
AMCR,Amcor plc,10.06,0.55,5196102026.671385,3.6,4.68,1445340032,-0.05839571250932196,-0.05,-64.2,-53.5,829000000.0,787550000.0,748172500.0,710763874.9999999,675225681.2499999,641464397.1874998,6414643971.874998,684826086.9565217,565725897.9206051,467338785.2387606,386062474.76245445,318921174.80376667,2773227606.989276,4.4,2025-02-28 10:16:03
AXP,American Express Company,294.2,14.0,84261223978.19109,119.94,119.0,702531968,-0.024952433169348476,-0.024952433169348476,-59.2,-59.6,12139000000.0,11836102413.757278,11540762859.292437,11252792745.322643,10972008186.37645,10698229885.372347,106982298853.72346,10292262968.48459,8726474751.82793,7398893890.242555,6273281291.234067,5318911007.880021,46251400068.52193,4.4,2025-02-28 10:16:03
AIG,"American International Group, Inc.",79.69,4.07,20514887736.18268,34.58,34.59,593332992,-0.19279829956140415,-0.05,-56.6,-56.6,3273000000.0,3109350000.0,2953882500.0,2806188374.9999995,2665878956.2499995,2532585008.437499,25325850084.374992,2703782608.6956525,2233559546.3138,1845114407.824443,1524224945.5941055,1259142346.3603477,10949063881.39433,4.4,2025-02-28 10:16:03
AMT,American Tower Corporation,203.97,6.91,31290629566.03862,66.94,58.73,467456992,0.02431308269207122,0.02431308269207122,-67.2,-71.2,3700500000.0,3790470562.5020094,3882628586.729983,3977027256.621748,4073721049.180614,4172765765.9137735,41727657659.13773,3296061358.6973996,2935825018.3213487,2614959978.053258,2329163231.509673,2074602060.661478,18040017918.795464,4.4,2025-02-28 10:16:03
AMP,"Ameriprise Financial, Inc.",526.07,33.04,60050217696.98701,598.76,280.84,100291000,0.26051044077293173,0.05,13.8,-46.6,6419000000.0,6739950000.0,7076947500.0,7430794875.000001,7802334618.750002,8192451349.687502,81924513496.87502,5860826086.956522,5351189035.916825,4885868250.184928,4461010141.473196,4073096216.127701,35418227966.327835,4.4,2025-02-28 10:16:03
AME,"AMETEK, Inc.",187.33,5.94,15920211734.048088,69.02,50.49,230659008,0.17471798375175562,0.05,-63.2,-73.0,1701773000.0,1786861650.0,1876204732.5,1970014969.1250002,2068515717.5812504,2171941503.4603133,21719415034.603134,1553792739.130435,1418680327.0321364,1295316820.33369,1182680575.0872824,1079838785.9492579,9389902486.515287,4.4,2025-02-28 10:16:03
AMGN,Amgen Inc.,305.82,7.55,97236635417.1184,181.0,64.17,537204992,0.07439082422941445,0.05,-40.8,-79.0,10394000000.0,10913700000.0,11459385000.0,12032354250.000002,12633971962.500002,13265670560.625004,132656705606.25003,9490173913.04348,8664941398.865786,7911468233.747024,7223514474.290761,6595382780.874174,57351154616.29717,4.4,2025-02-28 10:16:03
APH,Amphenol Corporation,65.46,1.92,20106859775.063744,16.6,16.32,1211079936,0.2213547330859862,0.05,-74.6,-75.1,2149300000.0,2256765000.0,2369603250.0,2488083412.5000005,2612487583.1250005,2743111962.281251,27431119622.812508,1962404347.826087,1791760491.4933841,1635955231.363525,1493698254.7232187,1363811449.964678,11859229999.692852,4.4,2025-02-28 10:16:03
ADI,"Analog Devices, Inc.",223.85,3.13,29207157339.82886,58.89,26.61,495976000,0.09294181505175803,0.05,-73.7,-88.1,3122066000.0,3278169300.0,3442077765.0,3614181653.2500005,3794890735.912501,3984635272.708126,39846352727.08126,2850582000.0,2602705304.3478265,2376383103.969755,2169741094.9289074,1981067956.239437,17226677880.342934,4.4,2025-02-28 10:16:03
ANSS,"ANSYS, Inc.",330.37,6.54,7032162080.0337515,80.23,55.59,87651800,0.1260499633240697,0.05,-75.7,-83.2,751695000.0,789279750.0,828743737.5,870180924.3750001,913689970.5937501,959374469.1234378,9593744691.234377,686330217.3913044,626649328.9224954,572158082.929235,522405206.1527799,476978666.4873208,4147640578.1506157,4.4,2025-02-28 10:16:03
AON,Aon plc,404.0,12.48,26353242444.68179,122.01,106.08,216000992,0.11266521637517801,0.05,-69.8,-73.7,2817000000.0,2957850000.0,3105742500.0,3261029625.0000005,3424081106.2500005,3595285161.562501,35952851615.62501,2572043478.26087,2348387523.62949,2144179912.8790998,1957729485.672222,1787492139.0920289,15543409905.148079,4.4,2025-02-28 10:16:03
APA,APA Corporation,20.42,7.04,7222116850.29973,19.79,59.84,365000000,0.8919260177766184,0.05,-3.1,193.0,772000000.0,810600000.0,851130000.0,893686500.0000001,938370825.0000002,985289366.2500002,9852893662.500002,704869565.2173914,643576559.5463139,587613380.4553301,536516564.7635625,489862950.43629616,4259677829.8808365,4.4,2025-02-28 10:16:03
APO,"Apollo Global Management, Inc.",147.44,7.33,30432054551.845882,53.34,62.3,570480000,0.4513789224317055,0.05,-63.8,-57.7,3253000000.0,3415650000.0,3586432500.0,3765754125.0000005,3954041831.250001,4151743922.812501,41517439228.12501,2970130434.782609,2711858223.062382,2476044464.5352187,2260736250.2278094,2064150489.3384345,17949134689.89943,4.4,2025-02-28 10:16:03
AAPL,Apple Inc.,237.3,6.29,1017897497578.4491,67.76,53.47,15022100480,0.05389612680192757,0.05,-71.4,-77.5,108807000000.0,114247350000.0,119959717500.0,125957703375.00002,132255588543.75003,138868367970.93753,1388683679709.3752,99345521739.13045,90706780718.3365,82819234568.91594,75617561997.70589,69042121823.99232,600366276730.368,4.4,2025-02-28 10:16:03
AMAT,"Applied Materials, Inc.",156.64,7.64,70041436344.81097,86.21,64.94,812441024,0.16182791281383557,0.05,-45.0,-58.5,7487000000.0,7861350000.0,8254417500.0,8667138375.0,9100495293.750002,9555520058.437502,95555200584.37502,6835956521.739131,6241525519.848772,5698784170.296705,5203237720.705689,4750782266.731281,41311150145.4894,4.4,2025-02-28 10:16:03
APTV,Aptiv PLC,65.32,6.96,15117799002.699953,65.89,59.16,229446000,0.3829295249738862,0.05,0.9,-9.4,1616000000.0,1696800000.0,1781640000.0,1870722000.0000002,1964258100.0000005,2062471005.0000005,20624710050.000004,1475478260.8695652,1347175803.4026468,1230030081.367634,1123070943.8574054,1025412600.9132831,8916631312.28942,4.4,2025-02-28 10:16:03
ACGL,Arch Capital Group Ltd.,92.1,11.19,53295854528.70151,141.59,95.11,376400000,0.2601964347128445,0.05,53.7,3.3,5697000000.0,5981850000.0,6280942500.0,6594989625.000001,6924739106.250001,7270976061.562502,72709760615.62502,5201608695.652174,4749294896.030247,4336312731.1580515,3959242058.883439,3614960140.719662,31434436006.257935,4.4,2025-02-28 10:16:03
ADM,Archer-Daniels-Midland Company,46.59,3.65,7690732432.721096,16.03,31.02,479707008,-0.3907602127878903,-0.05,-65.6,-33.4,1227000000.0,1165650000.0,1107367500.0,1051999124.9999999,999399168.7499999,949429210.3124998,9494292103.124998,1013608695.652174,837328922.4952742,691706501.1917483,571409718.375792,472034115.1800021,4104644479.8261056,4.4,2025-02-28 10:16:03
ANET,Arista Networks Inc,91.57,2.23,34391149781.63526,27.27,18.95,1261120000,0.5693557044855779,0.05,-70.2,-79.3,3676203000.0,3860013150.0,4053013807.5,4255664497.8750005,4468447722.768751,4691870108.907188,46918701089.071884,3356533173.913044,3064660724.007562,2798168487.1373396,2554849488.2558327,2332688663.190108,20284249245.131374,4.4,2025-02-28 10:16:03
AJG,Arthur J. Gallagher & Co.,333.17,6.5,22835734755.93477,89.66,55.25,254700000,0.24536448405844302,0.05,-73.1,-83.4,2441000000.0,2563050000.0,2691202500.0,2825762625.0000005,2967050756.2500005,3115403294.062501,31154032940.625008,2228739130.434783,2034935727.78828,1857984794.9371257,1696420899.7252018,1548906038.8795323,13468748164.169847,4.4,2025-02-28 10:16:03
AIZ,"Assurant, Inc.",211.04,14.46,10397228843.812332,204.7,122.91,50791900,0.2320307688200549,0.05,-3.0,-41.8,1111400000.0,1166970000.0,1225318500.0,1286584425.0000002,1350913646.2500002,1418459328.5625005,14184593285.625004,1014756521.7391305,926516824.1965975,845950143.8316761,772389261.7593566,705224978.1281083,6132391114.157464,4.4,2025-02-28 10:16:03
T,AT&T Inc.,26.9,1.49,116006581796.90468,16.16,12.66,7178180096,-0.11179355572338612,-0.05,-39.9,-52.9,18508000000.0,17582600000.0,16703470000.0,15868296499.999998,15074881674.999998,14321137591.249996,143211375912.49997,15289217391.30435,12630223062.381855,10433662529.793705,8619112524.612192,7120136433.375288,61914229855.437294,4.4,2025-02-28 10:16:03
ADP,"Automatic Data Processing, Inc.",311.3,9.59,33624005677.911,82.64,81.52,406871008,0.11578252497051911,0.05,-73.5,-73.8,3594200000.0,3773910000.0,3962605500.0,4160735775.0000005,4368772563.750001,4587211191.937501,45872111919.37501,3281660869.5652175,2996299054.8204165,2735751310.9229894,2497859892.5818605,2280654684.531264,19831779865.48925,4.4,2025-02-28 10:16:03
AZO,"AutoZone, Inc.",3444.69,149.5,12105977534.805363,721.36,1270.75,16782200,-0.12638395146431014,-0.05,-79.1,-63.1,1931420000.0,1834849000.0,1743106550.0,1655951222.4999998,1573153661.3749998,1494495978.3062496,14944959783.062496,1595520869.5652175,1318038979.2060494,1088814808.909345,899455711.7077199,743028631.410725,6461118534.006306,4.4,2025-02-28 10:16:03
AVB,"AvalonBay Communities, Inc.",223.02,7.6,12748673378.666077,89.62,64.6,142254000,0.07974050903367624,0.05,-59.8,-71.0,1362755000.0,1430892750.0,1502437387.5,1577559256.8750002,1656437219.7187502,1739259080.704688,17392590807.046883,1244254565.2173915,1136058516.068053,1037270819.0186573,947073356.495296,864719151.5826617,7519296970.284017,4.4,2025-02-28 10:16:03
AVY,Avery Dennison Corporation,185.49,8.74,4682837760.942797,59.28,74.29,78994600,-0.03369430315299693,-0.03369430315299693,-68.0,-59.9,699000000.0,675447682.0960552,652688943.1315216,630697044.017039,609446146.6182297,588911283.3986493,5889112833.986493,587345810.5183089,493526611.0635325,414693544.1880753,348452812.34314054,292792989.26046646,2546025993.5692735,4.4,2025-02-28 10:16:03
AXON,"Axon Enterprise, Inc.",525.44,4.78,990076878.3519788,12.98,40.63,76254800,(-0.22312310908546962+1.3455902462901104j),0,-97.5,-92.3,128993000.0,128993000.0,128993000.0,128993000.0,128993000.0,128993000.0,1289930000.0,112167826.08695653,97537240.07561438,84814991.37009947,73752166.40878215,64132318.61633231,557672335.794194,4.4,2025-02-28 10:16:03
BKR,Baker Hughes Company,43.58,2.98,19215321257.14462,19.41,25.33,990112000,0.10605372460319118,0.05,-55.5,-41.9,2054000000.0,2156700000.0,2264535000.0,2377761750.0000005,2496649837.5000005,2621482329.375001,26214823293.750008,1875391304.3478262,1712313799.6219285,1563416947.4808915,1427467647.6999447,1303340026.1608193,11333391531.83321,4.4,2025-02-28 10:16:03
BDX,"Becton, Dickinson and Company",224.16,5.94,20196795965.85813,70.34,50.49,287135008,-0.03831474039121319,-0.03831474039121319,-68.6,-77.5,3072000000.0,2954297117.5181932,2841103990.421974,2732247828.604516,2627562462.3670783,2526888088.759787,25268880887.59787,2568954015.2332115,2148282790.489206,1796497298.3345222,1502317365.8567996,1256309970.4337263,10924434525.510664,4.4,2025-02-28 10:16:03
BBY,"Best Buy Co., Inc.",88.62,5.84,4230843025.3355656,19.79,49.64,213796000,-0.4569125747316456,-0.05,-77.7,-44.0,675000000.0,641250000.0,609187500.0,578728124.9999999,549791718.7499999,522302132.8124998,5223021328.124998,557608695.652174,460633270.3213611,380523136.3524287,314345199.5954846,259676469.23105246,2258056254.183065,4.4,2025-02-28 10:16:03
TECH,Bio-Techne Corporation,61.23,0.98,1479879943.1908572,9.36,8.33,158088000,-0.08466103702438343,-0.05,-84.7,-86.4,236104000.0,224298800.0,213083860.0,202429666.99999997,192308183.64999998,182692774.46749994,1826927744.6749995,195042434.78260872,161122011.34215504,133100791.97830197,109952828.1559886,90830597.1723384,789831279.7594644,4.4,2025-02-28 10:16:03
BIIB,Biogen Inc.,139.88,11.18,15768195257.535828,107.72,95.03,146375008,-0.09060148109660271,-0.05,-23.0,-32.1,2515700000.0,2389915000.0,2270419250.0,2156898287.4999995,2049053373.1249998,1946600704.4687495,19466007044.687496,2078186956.5217392,1716763137.9962196,1418195635.7360072,1171552916.4775715,967804583.1771241,8415692027.627167,4.4,2025-02-28 10:16:03
BLK,"BlackRock, Inc.",944.89,42.05,37113458553.474686,239.05,357.42,155252992,0.00704704343868201,0.00704704343868201,-74.7,-62.2,4701000000.0,4734128151.205244,4767489757.931074,4801086465.348686,4834919930.222867,4868991820.993696,48689918209.936966,4116633174.961082,3604907189.3618712,3156792284.27628,2764381162.287367,2420749457.7557216,21049995284.832363,4.4,2025-02-28 10:16:03
BX,Blackstone Inc.,157.39,3.62,35854956864.27788,48.99,30.77,731926016,0.280763597487246,0.05,-68.9,-80.4,3832675000.0,4024308750.0,4225524187.5,4436800396.875001,4658640416.718751,4891572437.554688,48915724375.54688,3499398913.0434785,3195103355.387524,2917268281.006001,2663592778.3098273,2431976014.978538,21147617521.552505,4.4,2025-02-28 10:16:03
BK,The Bank of New York Mellon Corporation,86.89,5.8,43894005520.21546,61.28,49.3,716321024,0.07131342145405162,0.05,-29.5,-43.3,4692000000.0,4926600000.0,5172930000.0,5431576500.000001,5703155325.000001,5988313091.250002,59883130912.500015,4284000000.0000005,3911478260.869566,3571349716.446126,3260797567.1899414,2977249952.651686,25889130023.058144,4.4,2025-02-28 10:16:03
BKNG,Booking Holdings Inc.,4918.13,172.63,73848951316.40683,2250.45,1467.36,32815200,0.463958711773353,0.05,-54.2,-70.2,7894000000.0,8288700000.0,8703135000.0,9138291750.000002,9595206337.500002,10074966654.375002,100749666543.75002,7207565217.391305,6580820415.879018,6008575162.324322,5486090365.600469,5009039029.461298,43556861125.75041,4.4,2025-02-28 10:16:03
BWA,BorgWarner Inc.,29.61,1.63,5976998759.261085,27.33,13.85,218684000,0.016535818446243633,0.016535818446243633,-7.7,-53.2,729000000.0,741054611.6473116,753308556.1642631,765765129.6829973,778427682.8398995,791299621.6768703,7912996216.768703,644395314.4759232,569609494.2640932,503503002.9969573,445068554.123177,393415762.5480783,3421006630.852855,4.4,2025-02-28 10:16:03
BSX,Boston Scientific Corporation,100.8,1.25,22124749159.27314,14.99,10.62,1475779968,0.21578958470883314,0.05,-85.1,-89.5,2365000000.0,2483250000.0,2607412500.0,2737783125.0000005,2874672281.2500005,3018405895.312501,30184058953.125008,2159347826.0869565,1971578449.9054823,1800136845.5658755,1643603206.821017,1500681188.836581,13049401642.057226,4.4,2025-02-28 10:16:03
AVGO,Broadcom Inc.,197.8,1.29,181619399652.48572,38.75,10.96,4687360000,0.1337728833039431,0.05,-80.4,-94.5,19414000000.0,20384700000.0,21403935000.0,22474131750.000004,23597838337.500004,24777730254.375008,247777302543.75006,17725826086.956524,16184449905.482044,14777106435.44013,13492140658.445337,12318911035.971832,107120965530.18985,4.4,2025-02-28 10:16:03
BR,"Broadridge Financial Solutions, Inc.",237.42,6.39,8823705457.516459,75.4,54.31,117019000,0.20475189101829305,0.05,-68.2,-77.1,943200000.0,990360000.0,1039878000.0,1091871900.0,1146465495.0000002,1203788769.7500002,12037887697.500002,861182608.6956522,786297164.4612478,717923497.9863566,655495367.7266737,598495770.53305,5204311048.113478,4.4,2025-02-28 10:16:03
BRO,"Brown & Brown, Inc.",116.5,3.46,10215740415.190811,35.73,29.41,285932000,0.12654270974514814,0.05,-69.3,-74.8,1092000000.0,1146600000.0,1203930000.0,1264126500.0000002,1327332825.0000002,1393699466.2500005,13936994662.500004,997043478.2608696,910344045.3686202,831183693.597436,758906850.6759199,692914950.6171443,6025347396.670821,4.4,2025-02-28 10:16:03
BLDR,"Builders FirstSource, Inc.",139.15,9.06,11216193676.647705,98.72,77.01,113621000,-0.00520299397276669,-0.00520299397276669,-29.1,-44.7,1492123000.0,1484359493.0243735,1476636379.5287485,1468953449.3460925,1461310493.40287,1453707303.713354,14537073037.133541,1290747385.2385857,1116549247.2807174,965860737.6320162,835509017.4222479,722749451.3394849,6284777837.7346525,4.4,2025-02-28 10:16:03
BG,Bunge Global SA,73.25,7.99,4021925873.9345307,30.02,67.92,133968000,(-0.7290537218181596+0.46929271993263805j),0,-59.0,-7.3,524000000.0,524000000.0,524000000.0,524000000.0,524000000.0,524000000.0,5240000000.0,455652173.9130435,396219281.6635161,344538505.7943618,299598700.69074947,260520609.2963039,2265396602.5765557,4.4,2025-02-28 10:16:03
BXP,"BXP, Inc.",70.04,0.09,11710667047.84352,74.04,0.77,158175008,0.04006188974119684,0.04006188974119684,5.7,-98.9,1301520000.0,1353661350.7359626,1407891582.516066,1464294379.862384,1522956779.8570852,1583969306.4523277,15839693064.523277,1177096826.7269242,1064568304.3599745,962797323.8184495,870755481.7812033,787512688.5946648,6847936422.562303,4.4,2025-02-28 10:16:03
CHRW,"C.H. Robinson Worldwide, Inc.",99.24,3.86,4067548598.501194,34.27,32.81,118706000,1.625180590059934,0.05,-65.5,-66.9,434796000.0,456535800.0,479362590.0,503330719.50000006,528497255.4750001,554922118.2487502,5549221182.487502,396987652.17391306,362466986.76748586,330948118.3529219,302170021.1048418,275894367.0957252,2399081453.006306,4.4,2025-02-28 10:16:03
CDNS,"Cadence Design Systems, Inc.",248.56,3.85,9530332454.283707,34.77,32.73,274108000,0.026354695852129684,0.026354695852129684,-86.0,-86.8,1118009000.0,1147473787.1549437,1177715109.8137035,1208753433.3333013,1240609762.429018,1273305655.3890176,12733056553.890175,997803293.178212,890521822.1653714,794775003.4245428,709322658.1831931,633057948.7831612,5504851728.549227,4.4,2025-02-28 10:16:03
CPT,Camden Property Trust,123.23,1.5,3565611477.4053626,33.4,12.75,106757000,0.36838096771750095,0.05,-72.9,-89.7,381142000.0,400199100.0,420209055.0,441219507.75000006,463280483.1375001,486444507.2943751,4864445072.943751,347999217.3913044,317738415.87901706,290108988.41127646,264882119.85377425,241848892.0404026,2103033843.829588,4.4,2025-02-28 10:16:03
CPB,The Campbell's Company,39.85,1.83,4324487007.298421,14.51,15.55,298108992,-0.042098271935301135,-0.042098271935301135,-63.6,-61.0,668000000.0,639878354.3472189,612940581.3803967,587136842.1052631,562419395.6630818,538742511.0027697,5387425110.027697,556415960.3019295,463471139.0399976,386052004.34306777,321565114.8548394,267850242.78676006,2329132545.9718266,4.4,2025-02-28 10:16:03
COF,Capital One Financial Corporation,196.98,11.58,158615273571.02582,415.95,98.43,381328000,0.13448020454765408,0.05,111.2,-50.0,16955000000.0,17802750000.0,18692887500.0,19627531875.000004,20608908468.750004,21639353892.187508,216393538921.87506,15480652173.913044,14134508506.616259,12905420810.388762,11783210305.137566,10758583322.082127,93552898452.88806,4.4,2025-02-28 10:16:03
CAH,"Cardinal Health, Inc.",127.47,5.37,30413344404.565315,125.9,45.65,241568000,0.17015926111752444,0.05,-1.2,-64.2,3251000000.0,3413550000.0,3584227500.0,3763438875.0000005,3951610818.750001,4149191359.687501,41491913596.87501,2968304347.826087,2710190926.275993,2474522150.0780807,2259346310.940857,2062881414.337304,17938099255.106995,4.4,2025-02-28 10:16:03
CCL,Carnival Corporation & plc,23.5,1.44,9955034081.093676,8.55,12.24,1164199936,(-0.7240570793235757+0.47794715860051523j),0,-63.6,-47.9,1297000000.0,1297000000.0,1297000000.0,1297000000.0,1297000000.0,1297000000.0,12970000000.0,1127826086.9565217,980718336.4839321,852798553.4642888,741563959.5341643,644838225.681882,5607288918.972887,4.4,2025-02-28 10:16:03
CARR,Carrier Global Corporation,64.08,1.22,275788286.09594804,0.32,10.37,863987968,-0.714613108641597,-0.05,-99.5,-83.8,44000000.0,41800000.0,39710000.0,37724499.99999999,35838274.99999999,34046361.24999999,340463612.49999994,36347826.08695652,30026465.028355394,24804471.110380538,20490650.047705665,16927058.7350612,147191815.0874887,4.4,2025-02-28 10:16:03
CAT,Caterpillar Inc.,340.0,22.07,82511749507.3104,172.64,187.59,477932000,0.23118965001257252,0.05,-49.2,-44.8,8820000000.0,9261000000.0,9724050000.0,10210252500.000002,10720765125.000002,11256803381.250004,112568033812.50003,8053043478.26087,7352778827.977317,6713406755.979291,6129632255.459353,5596620754.984628,48666267434.64894,4.4,2025-02-28 10:16:03
CBOE,"Cboe Global Markets, Inc.",208.0,7.22,9726470063.803925,92.9,61.37,104702000,0.23962836233747287,0.05,-55.3,-70.5,1039700000.0,1091685000.0,1146269250.0,1203582712.5000002,1263761848.1250002,1326949940.5312505,13269499405.312504,949291304.3478261,866744234.404537,791375170.5432731,722559938.322119,659728639.337587,5736770776.848583,4.4,2025-02-28 10:16:03
CBRE,"CBRE Group, Inc.",139.78,3.15,8781349745.918709,29.27,26.77,300036992,-0.13357532500788893,-0.05,-79.1,-80.8,1401000000.0,1330950000.0,1264402500.0,1201182374.9999998,1141123256.2499998,1084067093.4374998,10840670934.374998,1157347826.0869565,956069943.2892251,789796909.6737075,652440925.3826281,538972938.3595623,4686721203.12663,4.4,2025-02-28 10:16:03
CDW,CDW Corporation,179.0,7.97,10802303532.436657,81.53,67.75,132492000,0.19035753029004288,0.05,-54.5,-62.2,1154700000.0,1212435000.0,1273056750.0,1336709587.5000002,1403545066.8750002,1473722320.2187505,14737223202.187504,1054291304.3478261,962613799.6219283,878908251.8287174,802481447.3218725,732700451.9025793,6371308277.4137335,4.4,2025-02-28 10:16:03
COR,"Cencora, Inc.",249.01,7.05,28041945497.63685,144.76,59.92,193712992,0.103886970884973,0.05,-41.9,-75.9,2997512000.0,3147387600.0,3304756980.0,3469994829.0000005,3643494570.450001,3825669298.9725013,38256692989.72501,2736858782.608696,2498871062.381853,2281577926.5225616,2083179845.9553828,1902033772.3940456,16539424107.774311,4.4,2025-02-28 10:16:03
CF,"CF Industries Holdings, Inc.",79.58,6.74,10968852287.907024,64.7,57.29,169536992,-0.09346409324076654,-0.05,-18.7,-28.0,1750000000.0,1662500000.0,1579375000.0,1500406249.9999998,1425385937.4999998,1354116640.6249995,13541166406.249996,1445652173.9130435,1194234404.5368621,986541464.6174078,814969035.9882935,673235290.5990249,5854219918.252392,4.4,2025-02-28 10:16:03
CRL,"Charles River Laboratories International, Inc.",164.88,0.2,3560509173.7503147,69.62,1.7,51141600,-0.019432478671209896,-0.019432478671209896,-57.8,-99.0,501610000.0,491862474.3737344,482304367.3312983,472931998.00010145,463741757.0360318,454730105.23347974,4547301052.334797,427706499.45542127,364691393.06714433,310960465.5215593,265145854.7023671,226081229.16182926,1965923731.8419936,4.4,2025-02-28 10:16:03
SCHW,The Charles Schwab Corporation,78.43,2.99,19177900962.583485,10.57,25.42,1813570048,0.19476675911828956,0.05,-86.5,-67.6,2050000000.0,2152500000.0,2260125000.0,2373131250.0000005,2491787812.5000005,2616377203.125001,26163772031.250008,1871739130.4347827,1708979206.0491495,1560372318.566615,1424687769.1260402,1300801876.1585586,11311320662.248337,4.4,2025-02-28 10:16:03
CHTR,"Charter Communications, Inc.",359.04,34.97,26682516679.782974,187.97,297.25,141948000,-0.21151286491199572,-0.05,-47.6,-17.2,4257000000.0,4044150000.0,3841942500.0,3649845374.9999995,3467353106.2499995,3293985450.937499,32939854509.374992,3516652173.913044,2905060491.4933844,2399832579.929317,1982470392.115523,1637692932.617171,14240808109.714533,4.4,2025-02-28 10:16:03
CVX,Chevron Corporation,156.67,9.71,94294522182.44186,53.56,82.54,1760600064,-0.10707614633403661,-0.05,-65.8,-47.3,15044000000.0,14291800000.0,13577210000.0,12898349499.999998,12253432024.999998,11640760423.749996,116407604237.49997,12427652173.913044,10266321361.058603,8480874167.831018,7005939529.947364,5787515263.86956,50326219685.82227,4.4,2025-02-28 10:16:03
CMG,"Chipotle Mexican Grill, Inc.",52.74,1.11,14139941220.301924,10.43,9.44,1355340032,0.21648928150814695,0.05,-80.2,-82.1,1511473000.0,1587046650.0,1666398982.5,1749718931.6250002,1837204878.2062504,1929065122.116563,19290651221.16563,1380040565.2173915,1260037037.8071835,1150468599.7369938,1050427851.9337772,959086299.5917097,8339880866.014868,4.4,2025-02-28 10:16:03
CB,Chubb Limited,281.69,22.51,118173290224.0754,294.91,191.34,400704000,0.0888559508917739,0.05,4.7,-32.1,12632000000.0,13263600000.0,13926780000.0,14623119000.000002,15354274950.000004,16121988697.500004,161219886975.00003,11533565217.391306,10530646502.83554,9614938111.284626,8778856536.390312,8015477707.138981,69699806149.03462,4.4,2025-02-28 10:16:03
CHD,"Church & Dwight Co., Inc.",109.37,2.37,8687913926.653187,35.32,20.14,245970000,0.037225628876607963,0.037225628876607963,-67.7,-81.6,976400000.0,1012747104.03512,1050447251.875791,1089550811.4285717,1130110025.5770187,1172179081.978883,11721790819.78883,880649655.6827132,794289037.3351917,716397344.5737302,646144075.0008864,582780169.1632075,5067653644.897457,4.4,2025-02-28 10:16:03
CI,The Cigna Group,302.92,12.12,90053262365.6177,328.91,103.02,273788992,0.034250017458772763,0.034250017458772763,8.6,-66.0,10240000000.0,10590720178.777834,10953452529.80195,11328608470.181507,11716613508.068825,12117907725.277874,121179077252.77875,9209321894.589422,8282383765.44571,7448743960.010855,6699011800.5975275,6024741801.499579,52389059143.47462,4.4,2025-02-28 10:16:03
CINF,Cincinnati Financial Corporation,144.55,14.53,24575778453.02771,157.01,123.5,156524000,0.1014349499736038,0.05,8.6,-14.6,2627000000.0,2758350000.0,2896267500.0,3041080875.0000005,3193134918.7500005,3352791664.687501,33527916646.875008,2398565217.3913045,2189994328.922496,1999560039.4509745,1825685253.4117596,1666930013.9846504,14495043599.866526,4.4,2025-02-28 10:16:03
CTAS,Cintas Corporation,203.37,4.15,15625891762.251093,38.72,35.28,403544000,0.11122898474394094,0.05,-81.0,-82.7,1670312000.0,1753827600.0,1841518980.0,1933594929.0000002,2030274675.4500003,2131788409.2225006,21317884092.225006,1525067478.2608697,1392452914.9338377,1271370052.765678,1160816135.1338801,1059875601.6439776,9216309579.51285,4.4,2025-02-28 10:16:03
CSCO,"Cisco Systems, Inc.",63.81,2.28,63995418205.44611,16.09,19.38,3978289920,-0.11564456944563695,-0.05,-74.8,-69.6,10210000000.0,9699500000.0,9214525000.0,8753798749.999998,8316108812.499999,7900303371.874997,79003033718.74997,8434347826.086957,6967504725.897922,5755764773.567847,4754762204.251701,3927847038.2948823,34155191637.346806,4.4,2025-02-28 10:16:03
CFG,"Citizens Financial Group, Inc.",45.17,3.03,12066958220.67363,27.6,25.75,437136992,-0.04406406007073027,-0.04406406007073027,-38.9,-43.0,1879000000.0,1796203631.1270978,1717055606.4258494,1641395165.0395167,1569068629.8874092,1499929095.524952,14999290955.24952,1561916200.9800851,1298340723.1953495,1079243964.8488646,897120081.6963403,745729850.8920124,6484607399.060978,4.4,2025-02-28 10:16:03
CLX,The Clorox Company,154.38,3.67,3027403231.462339,24.58,31.2,123190000,-0.2004632311400527,-0.05,-84.1,-79.8,483000000.0,458850000.0,435907500.0,414112124.99999994,393406518.74999994,373736192.8124999,3737361928.124999,399000000.00000006,329608695.652174,272285444.23440456,224931453.932769,185812940.20533088,1615764697.4376602,4.4,2025-02-28 10:16:03
CME,CME Group Inc.,249.85,9.67,31595825712.697292,87.68,82.19,360359008,0.10281629704922923,0.05,-64.9,-67.1,3377400000.0,3546270000.0,3723583500.0,3909762675.0000005,4105250808.750001,4310513349.187501,43105133491.87501,3083713043.478261,2815564083.1758037,2570732423.7692127,2347190473.8762383,2143086954.408739,18635538733.989037,4.4,2025-02-28 10:16:03
KO,The Coca-Cola Company,70.87,2.46,29716187826.8384,6.91,20.91,4301000192,-0.2504460387553036,-0.05,-90.2,-70.5,4741000000.0,4503950000.0,4278752500.0,4064814874.9999995,3861574131.2499995,3668495424.687499,36684954246.87499,3916478260.8695655,3235351606.8052936,2672681762.143503,2207867542.6402855,1823890578.7028441,15859918075.676908,4.4,2025-02-28 10:16:03
CTSH,Cognizant Technology Solutions Corporation,83.99,4.51,11451481788.574932,23.15,38.34,494616000,-0.062316522072020764,-0.05,-72.4,-54.4,1827000000.0,1735650000.0,1648867500.0,1566424124.9999998,1488102918.7499998,1413697772.8124995,14136977728.124996,1509260869.5652175,1246780718.3364842,1029949289.0605737,850827673.5717784,702857643.385382,6111805594.655497,4.4,2025-02-28 10:16:03
CL,Colgate-Palmolive Company,90.2,3.51,33173091128.44928,40.88,29.83,811536000,0.08738037300289214,0.05,-54.7,-66.9,3546000000.0,3723300000.0,3909465000.0,4104938250.0000005,4310185162.500001,4525694420.625001,45256944206.25001,3237652173.9130435,2956117202.2684317,2699063532.5059595,2464362355.7663116,2250069977.0040236,19565825886.99151,4.4,2025-02-28 10:16:03
CMCSA,Comcast Corporation,35.39,4.14,78618465284.12445,20.84,35.19,3771579904,-0.09795488800695518,-0.05,-41.1,-0.6,12543000000.0,11915850000.0,11320057500.0,10754054624.999998,10216351893.749998,9705534299.062496,97055342990.62497,10361608695.652174,8559589792.0604925,7070965480.397798,5841232353.372094,4825365857.133468,41959703105.50842,4.4,2025-02-28 10:16:03
CAG,"Conagra Brands, Inc.",25.57,1.03,15225382349.563227,31.9,8.76,477320000,0.19168222196288687,0.05,24.8,-65.7,1627500000.0,1708875000.0,1794318750.0,1884034687.5000002,1978236421.8750005,2077148242.9687505,20771482429.687504,1485978260.8695652,1356762759.9243858,1238783389.4961786,1131063094.7573807,1032709782.1697824,8980085062.345934,4.4,2025-02-28 10:16:03
COP,ConocoPhillips,97.37,7.81,50180932238.27636,39.44,66.38,1272380032,-0.11809168846080009,-0.05,-59.5,-31.8,8006000000.0,7605700000.0,7225415000.0,6864144249.999999,6520937037.499999,6194890185.624998,61948901856.249985,6613652173.913044,5463451795.84121,4513286266.129695,3728366915.4984446,3079955278.0204535,26782219808.873512,4.4,2025-02-28 10:16:03
STZ,"Constellation Brands, Inc.",173.24,3.74,9470193669.59927,52.41,31.79,180704992,-0.08025037417936953,-0.05,-69.7,-81.6,1510900000.0,1435355000.0,1363587250.0,1295407887.4999998,1230637493.1249998,1169105618.4687498,11691056184.687498,1248134782.6086957,1031067863.89414,851751713.6516807,703620980.8426929,581252114.609181,5054366213.99288,4.4,2025-02-28 10:16:03
COO,"The Cooper Companies, Inc.",89.87,1.96,1805786482.3691506,9.03,16.66,199956992,-0.18087770418147087,-0.05,-90.0,-81.5,288100000.0,273695000.0,260010250.0,247009737.49999997,234659250.62499997,222926288.09374994,2229262880.9374995,237995652.17391306,196605103.96975428,162412911.9750144,134167188.15327278,110833764.12661663,963771861.9705795,4.4,2025-02-28 10:16:03
CPRT,"Copart, Inc.",55.23,1.49,8995595580.58305,9.31,12.66,966092992,0.2212700904309377,0.05,-83.1,-77.1,961574000.0,1009652700.0,1060135335.0,1113142101.7500002,1168799206.8375003,1227239167.1793754,12272391671.793755,877958869.5652175,801614620.0378073,731909000.904085,668264739.9559039,610154762.568434,5305693587.551601,4.4,2025-02-28 10:16:03
GLW,Corning Incorporated,49.0,0.58,6104949787.6693945,7.13,4.93,856563968,-0.18130865374092064,-0.05,-85.4,-89.9,974000000.0,925300000.0,879035000.0,835083249.9999999,793329087.4999999,753662633.1249998,7536626331.249998,804608695.652174,664676748.5822307,549080792.3070601,453588480.6014845,374703527.4534002,3258291543.0730453,4.4,2025-02-28 10:16:03
CPAY,"Corpay, Inc.",364.47,13.96,18217228450.462654,261.33,118.66,69711000,0.11782480686177488,0.05,-28.3,-67.4,1947310000.0,2044675500.0,2146909275.0,2254254738.7500005,2366967475.6875005,2485315849.4718757,24853158494.718758,1777978695.652174,1623371852.551985,1482209082.7648563,1353321336.4374778,1235641220.2255232,10744706262.830637,4.4,2025-02-28 10:16:03
CTVA,"Corteva, Inc.",62.82,1.22,9702733338.102898,14.15,10.37,685555968,-0.10427419542601846,-0.05,-77.5,-83.5,1548000000.0,1470600000.0,1397070000.0,1327216499.9999998,1260855674.9999998,1197812891.2499995,11978128912.499996,1278782608.6956522,1056385633.2703215,872666392.7015698,720898324.4056448,595524702.7698803,5178475676.2598295,4.4,2025-02-28 10:16:03
COST,Costco Wholesale Corporation,1021.71,17.06,62014783161.44678,139.7,145.01,443899008,0.07273202088569253,0.05,-86.3,-85.8,6629000000.0,6960450000.0,7308472500.0,7673896125.000001,8057590931.250002,8460470477.812502,84604704778.12502,6052565217.391305,5526255198.487714,5045711268.184435,4606953766.603181,4206349091.246382,36576948619.53376,4.4,2025-02-28 10:16:03
CTRA,Coterra Energy Inc.,26.4,1.5,8831409882.550285,11.56,12.75,764150976,0.029306672541242307,0.029306672541242307,-56.2,-51.7,1024000000.0,1054010032.6822321,1084899559.5652344,1116694355.6975508,1149420951.5086324,1183106654.946539,11831066549.46539,916530463.201941,820339931.6183249,734244665.5363202,657185159.5776932,588213104.2160006,5114896558.400005,4.4,2025-02-28 10:16:03
CRWD,"CrowdStrike Holdings, Inc.",380.24,0.49,8691752143.820244,35.29,4.17,246311008,0.46960659360256085,0.05,-90.7,-98.9,929095000.0,975549750.0,1024327237.5,1075543599.375,1129320779.3437502,1185786818.310938,11857868183.109379,848304130.4347826,774538553.8752364,707187375.2773898,645692820.9054431,589545619.0875785,5126483644.239814,4.4,2025-02-28 10:16:03
CCI,Crown Castle Inc.,93.45,2.82,15922335335.764431,36.64,23.97,434598016,0.059513856019073774,0.05,-60.8,-74.3,1702000000.0,1787100000.0,1876455000.0,1970277750.0000002,2068791637.5000005,2172231219.3750005,21722312193.750004,1554000000.0000002,1418869565.2173915,1295489603.024575,1182838333.1963515,1079982825.9618862,9391155008.364227,4.4,2025-02-28 10:16:03
CSX,CSX Corporation,32.01,1.79,30572380656.450153,15.85,15.21,1928419968,0.07413113673456606,0.05,-50.5,-52.5,3268000000.0,3431400000.0,3602970000.0,3783118500.0000005,3972274425.000001,4170888146.250001,41708881462.50001,2983826086.956522,2724362948.960303,2487461822.963755,2271160794.879951,2073668551.8469117,18031900450.842712,4.4,2025-02-28 10:16:03
CMI,Cummins Inc.,364.16,28.37,1748748450.4720342,12.72,241.15,137480992,-0.43193698179247775,-0.05,-96.5,-33.8,279000000.0,265050000.0,251797500.0,239207624.99999997,227247243.74999997,215884881.56249994,2158848815.6249995,230478260.86956525,190395085.06616262,157282896.35900387,129929349.16613366,107332940.6155017,933329918.3956671,4.4,2025-02-28 10:16:03
CVS,CVS Health Corporation,64.48,3.66,39650834041.88561,31.45,31.11,1260800000,-0.26210340292034595,-0.05,-51.2,-51.8,6326000000.0,6009700000.0,5709215000.0,5423754249.999999,5152566537.499999,4894938210.624998,48949382106.249985,5225826086.956522,4316986767.485823,3566206460.0969834,2945996640.9496827,2433649399.045389,21162168687.351215,4.4,2025-02-28 10:16:03
DHR,Danaher Corporation,205.71,5.29,33194880981.003197,46.45,44.97,714710016,-0.0938571577307632,-0.05,-77.4,-78.1,5296000000.0,5031200000.0,4779640000.0,4540657999.999999,4313625099.999999,4097943844.9999986,40979438449.999985,4374956521.739131,3614094517.9584126,2985556340.9221663,2466329151.196573,2037402342.2928205,17716542106.894093,4.4,2025-02-28 10:16:03
DRI,"Darden Restaurants, Inc.",194.92,8.75,8214002967.604747,70.12,74.38,117147000,0.021164853483750967,0.021164853483750967,-64.0,-61.8,983600000.0,1004417749.8866174,1025676104.3994466,1047384388.8708452,1069552126.0024648,1092189040.0425413,10921890400.425413,873406739.0318413,775558491.0392792,688672237.2784387,611519899.3728383,543010981.2569239,4721834619.625425,4.4,2025-02-28 10:16:03
DVA,DaVita Inc.,146.74,10.73,13393837478.044626,167.42,91.2,80000000,0.043853639402470224,0.043853639402470224,14.1,-37.8,1466595000.0,1530910528.279466,1598046526.5440786,1668126682.667513,1741280108.686853,1817641578.6719003,18176415786.719,1331226546.3299704,1208352761.091931,1096820371.606814,995582553.628298,903689106.0265251,7858166139.361088,4.4,2025-02-28 10:16:03
DAY,Dayforce Inc,61.64,0.11,806687804.1040442,5.07,0.94,159000000,(-0.4734696537544443+0.9119773114241351j),0,-91.8,-98.5,105100000.0,105100000.0,105100000.0,105100000.0,105100000.0,105100000.0,1051000000.0,91391304.3478261,79470699.43289226,69104956.02860197,60091266.111827806,52253274.87985027,454376303.3030458,4.4,2025-02-28 10:16:03
DECK,Deckers Outdoor Corporation,138.49,6.16,8829496248.099794,58.18,52.36,151774000,0.18723528083694885,0.05,-58.0,-62.2,943819000.0,991009950.0,1040560447.5,1092588469.875,1147217893.3687503,1204578788.0371878,12045787880.371878,861747782.6086957,786813192.8166353,718394654.310841,655925553.9359854,598888549.2458998,5207726515.181737,4.4,2025-02-28 10:16:03
DE,Deere & Company,480.55,22.59,27899075139.733513,102.79,192.01,271414016,-0.048785125684512765,-0.048785125684512765,-78.6,-60.0,4429000000.0,4212930678.343293,4007402325.700176,3811900699.572484,3625936644.846958,3449044869.9040184,34490448699.040184,3663417981.1680813,3030171890.8886023,2506386586.38776,2073141045.0059624,1714784868.3161948,14911172767.966913,4.4,2025-02-28 10:16:03
DELL,Dell Technologies Inc.,107.83,6.38,37106060311.091194,103.48,54.23,358574016,-0.14054273160349529,-0.05,-4.0,-49.7,5920000000.0,5624000000.0,5342800000.0,5075659999.999999,4821876999.999999,4580783149.999999,45807831499.99999,4890434782.608696,4039924385.6332707,3337328840.305745,2756923824.6003985,2277458811.626416,19803989666.316666,4.4,2025-02-28 10:16:03
DAL,"Delta Air Lines, Inc.",59.75,5.33,26989387452.22114,41.78,45.3,645961984,4.536461684632827,0.05,-30.1,-24.2,2885000000.0,3029250000.0,3180712500.0,3339748125.0000005,3506735531.2500005,3682072307.812501,36820723078.12501,2634130434.782609,2405075614.36673,2195938604.4217973,2004987421.428598,1830640689.130459,15918614688.09095,4.4,2025-02-28 10:16:03
DXCM,"DexCom, Inc.",87.81,1.42,5900244944.927513,15.1,12.07,390772000,1.278759754184121,0.05,-82.8,-86.3,630700000.0,662235000.0,695346750.0,730114087.5000001,766619791.8750001,804950781.4687502,8049507814.687502,575856521.7391305,525782041.5879018,480061864.0585191,438317354.14038706,400202801.6064404,3480024361.795134,4.4,2025-02-28 10:16:03
DLR,"Digital Realty Trust, Inc.",157.27,1.6,21156283870.80995,62.84,13.6,336644000,0.09932173616395912,0.05,-60.0,-91.4,2261477000.0,2374550850.0,2493278392.5,2617942312.1250005,2748839427.731251,2886281399.117813,28862813991.17813,2064826826.0869567,1885276667.2967868,1721339565.7927186,1571657864.419439,1434991963.1655748,12478190984.048477,4.4,2025-02-28 10:16:03
DFS,Discover Financial Services,191.2,17.72,76309335683.8017,303.29,150.62,251604000,0.11878038679853131,0.05,58.6,-21.2,8157000000.0,8564850000.0,8993092500.0,9442747125.000002,9914884481.250002,10410628705.312504,104106287053.12503,7447695652.173914,6800069943.289226,6208759513.43799,5668867381.834687,5175922392.109933,45008020800.95594,4.4,2025-02-28 10:16:03
DG,Dollar General Corporation,73.98,6.06,4334739994.206621,19.71,51.51,219926000,-0.37613587316152164,-0.05,-73.4,-30.4,691576000.0,656997200.0,624147340.0,592939972.9999999,563292974.3499999,535128325.6324998,5351283256.324998,571301913.0434783,471945058.6011343,389867657.10528475,322064586.30436575,266053353.90360644,2313507425.2487516,4.4,2025-02-28 10:16:03
DPZ,"Domino's Pizza, Inc.",482.28,16.7,3489944963.6938496,101.76,141.95,34296700,-0.02944105805904862,-0.02944105805904862,-78.9,-70.6,512012000.0,496937824.9810704,482307449.62406534,468107807.9973716,454326218.844227,440950374.25748605,4409503742.574861,432119847.80962646,364693723.7233009,307788482.28642833,259762490.18219757,219230267.501896,1906350152.1904001,4.4,2025-02-28 10:16:03
DOV,Dover Corporation,196.51,10.08,3640693700.583796,26.53,85.68,137224992,-0.14957697875715192,-0.05,-86.5,-56.4,580846000.0,551803700.0,524213515.0,498002839.24999994,473102697.2874999,449447562.42312485,4494475624.231249,479829304.3478261,396380729.678639,327444950.6040931,270498002.67294645,223454871.77330357,1943085841.5069878,4.4,2025-02-28 10:16:03
DHI,"D.R. Horton, Inc.",126.44,14.14,18939346584.756226,59.03,120.19,320828992,0.9645760256715019,0.05,-53.3,-4.9,2024500000.0,2125725000.0,2232011250.0,2343611812.5000005,2460792403.1250005,2583832023.281251,25838320232.812508,1848456521.7391305,1687721172.0226846,1540962809.2381036,1406966043.2173991,1284621169.8941474,11170618868.64476,4.4,2025-02-28 10:16:03
DD,"DuPont de Nemours, Inc.",80.92,1.77,10906787532.17742,26.09,15.04,418048992,(-0.40727712736631383+1.0266261302097206j),0,-67.8,-81.4,1421000000.0,1421000000.0,1421000000.0,1421000000.0,1421000000.0,1421000000.0,14210000000.0,1235652173.9130435,1074480151.2287335,934330566.2858553,812461361.9877005,706488140.8588699,6143375137.903217,4.4,2025-02-28 10:16:03
EMN,Eastman Chemical Company,96.9,7.67,4312325928.0457325,37.44,65.19,115168000,-0.1289443483751619,-0.05,-61.4,-32.7,688000000.0,653600000.0,620920000.0,589873999.9999999,560380299.9999999,532361284.9999998,5323612849.999998,568347826.0869566,469504725.89792067,387851730.08958656,320399255.29139763,264677645.67550236,2301544745.004369,4.4,2025-02-28 10:16:03
ETN,Eaton Corporation plc,290.38,9.5,25704249638.19262,65.04,80.75,395200000,0.03915164511317282,0.03915164511317282,-77.6,-72.2,2867000000.0,2979247766.5394664,3095890217.7992325,3217099412.9158516,3343054147.424129,3473940216.9981995,34739402169.981995,2590650231.7734494,2340937782.8349586,2115295085.339592,1911402058.982997,1727162255.7085974,15018802223.553024,4.4,2025-02-28 10:16:03
EBAY,eBay Inc.,63.48,3.95,15265361258.221302,31.87,33.58,479000000,0.0023801517870796207,0.0023801517870796207,-49.8,-47.1,1970000000.0,1974688899.020547,1979388958.3324769,1984100204.4989777,1988822664.146461,1993556363.9647136,19935563639.647137,1717120781.7569973,1496702425.9602852,1304578091.2297053,1137115813.1347225,991149844.6691056,8618694301.470486,4.4,2025-02-28 10:16:03
ECL,Ecolab Inc.,267.18,7.37,17020620981.133846,60.14,62.65,282996992,0.08640594603115326,0.05,-77.5,-76.6,1819400000.0,1910370000.0,2005888500.0,2106182925.0000002,2211492071.2500005,2322066674.8125005,23220666748.125004,1661191304.3478262,1516739886.5784502,1384849461.658585,1264427769.3404477,1154477528.5282347,10038935030.680302,4.4,2025-02-28 10:16:03
EW,Edwards Lifesciences Corporation,71.4,2.34,4658408048.457391,7.9,19.89,589800000,-0.00909850283638236,-0.00909850283638236,-88.9,-72.1,629500000.0,623772492.4644973,618097096.6725518,612473338.4853169,606900748.0778997,601378859.9001102,6013788599.001102,542410863.0126064,467370205.4234797,402711161.98590744,346997472.46637905,298991578.2425445,2599926767.3264737,4.4,2025-02-28 10:16:03
EA,Electronic Arts Inc.,130.46,3.93,19795335822.842266,75.96,33.41,260618000,0.05344620472331818,0.05,-41.8,-74.4,2116000000.0,2221800000.0,2332890000.0,2449534500.0000005,2572011225.0000005,2700611786.250001,27006117862.500008,1932000000.0000002,1764000000.0000002,1610608695.6521745,1470555765.595464,1342681351.1958585,11675490010.39877,4.4,2025-02-28 10:16:03
ELV,"Elevance Health, Inc.",392.87,25.69,28531551779.744442,125.5,218.37,227352000,-0.14476927916107774,-0.05,-68.1,-44.4,4552000000.0,4324400000.0,4108180000.0,3902770999.9999995,3707632449.9999995,3522250827.499999,35222508274.99999,3760347826.086957,3106374291.1153126,2566135283.964823,2119850886.7535498,1751181167.3181496,15227662324.50565,4.4,2025-02-28 10:16:03
EMR,Emerson Electric Co.,120.0,3.55,19980676948.762478,35.43,30.18,563900032,-0.027891484403502864,-0.027891484403502864,-70.5,-74.8,2913000000.0,2831752105.932596,2752770336.2353907,2675991485.335856,2601354110.5587044,2528798482.9560685,25287984829.560684,2462393135.593562,2081489857.2668364,1759507839.4581122,1487332655.6487179,1257259773.9833663,10932693686.811882,4.4,2025-02-28 10:16:03
ENPH,"Enphase Energy, Inc.",61.19,0.75,4491267948.890606,33.9,6.38,132471000,0.17030387428303362,0.05,-44.6,-89.6,480089000.0,504093450.0,529298122.5,555763028.6250001,583551180.0562501,612728739.0590627,6127287390.590628,438342130.4347826,400225423.44045377,365423212.7065013,333647281.1668056,304634474.1088226,2648995427.0332403,4.4,2025-02-28 10:16:03
EOG,"EOG Resources, Inc.",130.61,11.25,48225404615.667244,85.74,95.62,562449984,0.4949301968703501,0.05,-34.4,-26.8,5155000000.0,5412750000.0,5683387500.0,5967556875.000001,6265934718.750001,6579231454.687502,65792314546.875015,4706739130.434783,4297457466.9187155,3923765513.27361,3582568512.119384,3271040815.413351,28443833177.5074,4.4,2025-02-28 10:16:03
EPAM,"EPAM Systems, Inc.",208.31,7.83,4796000756.33339,84.33,66.56,56869000,0.03949299428363573,0.03949299428363573,-59.5,-68.0,534219000.0,555316907.9132096,577248035.3830323,600045288.7446543,623742873.9029695,648376347.6564779,6483763476.564779,482884267.750617,436482446.4143912,394539517.5439496,356627012.56954896,322357635.77247673,2803109876.2824063,4.4,2025-02-28 10:16:03
EQT,EQT Corporation,46.63,0.45,4075371640.3720927,6.82,3.83,597441024,-0.01905265643317,-0.01905265643317,-85.4,-91.8,573264000.0,562341797.9624952,551627692.8879046,541117719.9762893,530807989.96768075,520694687.702845,5206946877.02845,488992867.79347414,417109786.68272567,355793684.5409974,303491191.0507358,258877284.91926306,2251106825.3848968,4.4,2025-02-28 10:16:03
EFX,Equifax Inc.,242.62,4.83,5740013679.228595,46.28,41.05,124024000,-0.02075584484883597,-0.02075584484883597,-80.9,-83.1,813000000.0,796125498.1378963,779601240.8183439,763419958.4199584,747574532.2084888,732057991.2050284,7320579912.050284,692283041.8590403,589490541.2615077,501961014.82367617,427428165.11289716,363962202.1163402,3164888714.055133,4.4,2025-02-28 10:16:03
EQIX,"Equinix, Inc.",910.38,8.47,1404603883.4542348,14.43,72.0,97332000,(-0.5180226155539753+0.8348093179596721j),0,-98.4,-92.1,183000000.0,183000000.0,183000000.0,183000000.0,183000000.0,183000000.0,1830000000.0,159130434.78260872,138374291.11531192,120325470.53505385,104630843.9435251,90983342.55958705,791159500.5181483,4.4,2025-02-28 10:16:03
EQR,Equity Residential,73.68,2.72,11629789523.785904,30.63,23.12,379704992,0.04759229531829212,0.04759229531829212,-58.4,-68.6,1254918000.0,1314642428.0562406,1377209278.7302496,1442753829.4386718,1511417795.760914,1583349637.8460896,15833496378.460896,1143167328.7445571,1041368074.6542532,948634062.2593389,864158030.1733711,787204603.7800485,6845257424.174335,4.4,2025-02-28 10:16:03
ERIE,Erie Indemnity Company,404.98,11.46,2230186423.84324,48.28,97.41,46189100,0.001728314353887317,0.001728314353887317,-88.1,-75.9,288558000.0,289056718.93332905,289556299.80974907,290056744.1189687,290558053.35327137,291060229.0075194,2910602290.0751944,251353668.63767746,218946162.42703146,190717017.5845936,166127510.03792664,144708374.43313113,1258333690.7228794,4.4,2025-02-28 10:16:03
ESS,"Essex Property Trust, Inc.",303.91,11.55,8718086676.117645,135.53,98.18,64325100,0.05927198399225442,0.05,-55.4,-67.7,931910000.0,978505500.0,1027430775.0,1078802313.75,1132742429.4375002,1189379550.9093754,11893795509.093754,850874347.826087,776885274.1020795,709330032.8758117,647649160.4518284,591331842.1516695,5142016018.71017,4.4,2025-02-28 10:16:03
EG,"Everest Group, Ltd.",347.41,31.79,42593650284.2159,991.04,270.21,42978600,0.16574518102364655,0.05,185.3,-22.2,4553000000.0,4780650000.0,5019682500.0,5270666625.000001,5534199956.250001,5810909954.062502,58109099540.625015,4157086956.5217395,3795601134.215502,3465548861.6750236,3164196786.7467613,2889049240.07313,25122167304.98374,4.4,2025-02-28 10:16:03
EXPE,"Expedia Group, Inc.",193.55,8.94,14597975416.305977,118.36,75.99,123334000,-0.08846197621717145,-0.05,-38.8,-60.7,2329000000.0,2212550000.0,2101922500.0,1996826374.9999998,1896985056.2499998,1802135803.4374995,18021358034.374996,1923956521.7391305,1589355387.5236297,1312945754.9108243,1084607362.7524204,895979995.3172166,7791130394.062755,4.4,2025-02-28 10:16:03
EXPD,"Expeditors International of Washington, Inc.",117.05,5.72,4280328218.9430094,31.01,48.62,138032000,-0.06380302928552983,-0.05,-73.5,-58.5,682895000.0,648750250.0,616312737.5,585497100.6249999,556222245.5937499,528411133.31406236,5284111333.140623,564130652.1739131,466020973.5349717,384973847.70280266,318021874.1892718,262713722.15635493,2284467149.185695,4.4,2025-02-28 10:16:03
EXR,Extra Space Storage Inc.,153.45,4.04,12970622500.781828,61.18,34.34,211996000,0.2196833104505591,0.05,-60.1,-77.6,1386480000.0,1455804000.0,1528594200.0,1605023910.0000002,1685275105.5000002,1769538860.7750006,17695388607.750008,1265916521.7391305,1155836824.1965976,1055329274.2664587,963561511.2867669,879773553.7835699,7650204815.509305,4.4,2025-02-28 10:16:03
XOM,Exxon Mobil Corporation,110.15,7.84,192525295357.3441,44.37,66.64,4339140096,-0.052001281812695144,-0.05,-59.7,-39.5,30716000000.0,29180200000.0,27721190000.0,26335130499.999996,25018373974.999996,23767455276.249992,237674552762.49994,25374086956.52174,20961202268.431004,17315775786.96474,14304336519.666527,11816625820.594086,102753268005.16599,4.4,2025-02-28 10:16:03
FFIV,"F5, Inc.",290.97,10.04,7128631599.412366,123.65,85.34,57652300,0.07432353649909906,0.05,-57.5,-70.7,762007000.0,800107350.0,840112717.5,882118353.3750001,926224271.0437502,972535484.5959377,9725354845.959377,695745521.7391305,635245911.1531192,580007136.2702394,529571733.1163056,483522017.1931486,4204539279.940423,4.4,2025-02-28 10:16:03
FDS,FactSet Research Systems Inc.,454.71,13.96,5750161498.516427,151.2,118.66,38030000,0.07563347325021885,0.05,-66.7,-73.9,614657000.0,645389850.0,677659342.5,711542309.6250001,747119425.1062502,784475396.3615627,7844753963.615627,561208565.2173914,512407820.4158791,467850618.64058536,427167956.15009975,390022916.4848737,3391503621.607598,4.4,2025-02-28 10:16:03
FICO,Fair Isaac Corporation,1836.18,21.85,5682393345.066205,232.71,185.73,24418100,0.1342548394461891,0.05,-87.3,-89.9,607413000.0,637783650.0,669672832.5,703156474.1250001,738314297.8312502,775230012.7228128,7752300127.2281275,554594478.2608696,506368871.45557666,462336795.67683095,422133596.05275875,385426326.8307798,3351533276.7893896,4.4,2025-02-28 10:16:03
FAST,Fastenal Company,74.09,2.0,8857383722.621483,15.45,17.0,573451008,0.15561869955395302,0.05,-79.1,-77.1,946800000.0,994140000.0,1043847000.0,1096039350.0000002,1150841317.5000002,1208383383.3750002,12083833833.750002,864469565.2173914,789298298.6767488,720663664.0092055,657997258.4431877,600780105.5350845,5224174830.739865,4.4,2025-02-28 10:16:03
FRT,Federal Realty Investment Trust,104.01,3.42,3066621204.5062213,35.79,29.07,85680600,1.198748586374022,0.05,-65.6,-72.1,327803000.0,344193150.0,361402807.5,379472947.87500006,398446595.2687501,418368925.03218764,4183689250.3218765,299298391.3043479,273272444.23440456,249509622.9966303,227813134.04040164,208003296.29775804,1808724315.6326787,4.4,2025-02-28 10:16:03
FDX,FedEx Corporation,258.54,15.67,19656183299.929386,81.61,133.19,240851008,-0.09643031940487568,-0.05,-68.4,-48.5,3136000000.0,2979200000.0,2830240000.0,2688727999.9999995,2554291599.9999995,2426577019.999999,24265770199.999992,2590608695.652174,2140068052.930057,1767882304.5943947,1460424512.4910219,1206437640.7534525,10490762093.508286,4.4,2025-02-28 10:16:03
FIS,"Fidelity National Information Services, Inc.",69.25,1.42,8511829375.41585,16.07,12.07,529692000,-0.27468956226635144,-0.05,-76.8,-82.6,1358000000.0,1290100000.0,1225595000.0,1164315249.9999998,1106099487.4999998,1050794513.1249996,10507945131.249996,1121826086.9565217,926725897.9206051,765556176.5431083,632415971.9269158,522430585.50484335,4542874656.563855,4.4,2025-02-28 10:16:03
FITB,Fifth Third Bancorp,42.98,3.14,18652717943.18924,28.02,26.69,665617984,0.0020833393552566193,0.0020833393552566193,-34.8,-37.9,2410000000.0,2415020847.8461685,2420052155.8222513,2425093945.7202497,2430146239.377563,2435209058.6770873,24352090586.770874,2100018128.5618858,1829907112.1529315,1594538634.4836032,1389443999.6298263,1210729289.5618958,10528080778.799097,4.4,2025-02-28 10:16:03
FE,FirstEnergy Corp.,38.54,1.55,10645822876.235104,18.47,13.18,576316992,(-0.4801351691880916+0.9004323000344234j),0,-52.1,-65.8,1387000000.0,1387000000.0,1387000000.0,1387000000.0,1387000000.0,1387000000.0,13870000000.0,1206086956.5217392,1048771266.5406429,911975014.3831677,793021751.6375372,689584131.858728,5996383755.293288,4.4,2025-02-28 10:16:03
FI,"Fiserv, Inc.",231.58,5.37,47355382767.12077,84.37,45.65,561289024,0.20766123408362058,0.05,-63.6,-80.3,5062000000.0,5315100000.0,5580855000.0,5859897750.000001,6152892637.500001,6460537269.375002,64605372693.750015,4621826086.956522,4219928166.3516073,3852977891.0166855,3517936335.276105,3212028827.8607917,27930685459.65906,4.4,2025-02-28 10:16:03
F,Ford Motor Company,9.29,1.46,42239483181.83167,10.85,12.41,3892600064,-0.11002217031550032,-0.05,16.8,33.6,6739000000.0,6402050000.0,6081947500.0,5777850124.999999,5488957618.749999,5214509737.812498,52145097378.124985,5567000000.0,4598826086.956523,3799030245.7466917,3138329333.4429197,2592532927.6267595,22543764588.05878,4.4,2025-02-28 10:16:03
FTNT,"Fortinet, Inc.",107.09,2.26,17580054384.82287,22.86,19.21,768974016,0.1600397959814246,0.05,-78.7,-82.1,1879200000.0,1973160000.0,2071818000.0,2175408900.0,2284179345.0000005,2398388312.2500005,23983883122.500004,1715791304.3478262,1566592060.4914937,1430366663.927016,1305986954.0203195,1192422871.0620308,10368894530.97418,4.4,2025-02-28 10:16:03
FTV,Fortive Corporation,79.6,2.36,13156975567.696297,38.66,20.06,340289984,0.15570662727021456,0.05,-51.4,-74.8,1406400000.0,1476720000.0,1550556000.0,1628083800.0000002,1709487990.0000002,1794962389.5000005,17949623895.000004,1284104347.826087,1172443100.1890361,1070491526.2595549,977405306.5848111,892413540.7948277,7760117746.04198,4.4,2025-02-28 10:16:03
FOXA,Fox Corporation,56.41,4.66,9370533811.669144,43.01,39.61,217847008,-0.11475264180121347,-0.05,-23.8,-29.8,1495000000.0,1420250000.0,1349237500.0,1281775624.9999998,1217686843.7499998,1156802501.5624998,11568025015.624998,1235000000.0,1020217391.304348,842788279.7731569,696216405.0299993,575135291.1117386,5001176444.449901,4.4,2025-02-28 10:16:03
FOX,Fox Corporation,52.9,4.66,9370533811.669144,39.78,39.61,235580992,-0.11475264180121347,-0.05,-24.8,-25.1,1495000000.0,1420250000.0,1349237500.0,1281775624.9999998,1217686843.7499998,1156802501.5624998,11568025015.624998,1235000000.0,1020217391.304348,842788279.7731569,696216405.0299993,575135291.1117386,5001176444.449901,4.4,2025-02-28 10:16:03
BEN,"Franklin Resources, Inc.",19.84,0.64,4977978564.031862,9.47,5.44,525398016,-0.12017149332213894,-0.05,-52.3,-72.6,794200000.0,754490000.0,716765500.0,680927224.9999999,646880863.7499999,614536820.5624998,6145368205.624998,656078260.8695652,541977693.7618148,447720703.5423687,369856233.36108726,305533410.1678546,2656812262.329171,4.4,2025-02-28 10:16:03
FCX,Freeport-McMoRan Inc.,37.42,1.3,14742137474.94704,10.26,11.05,1437069952,-0.2511127612781493,-0.05,-72.6,-70.5,2352000000.0,2234400000.0,2122680000.0,2016545999.9999998,1915718699.9999998,1819932764.9999995,18199327649.999996,1942956521.7391305,1605051039.697543,1325911728.445796,1095318384.3682666,904828230.5650896,7868071570.131215,4.4,2025-02-28 10:16:03
GRMN,Garmin Ltd.,224.06,7.3,11590000732.948622,60.24,62.05,192404000,0.20798051096738357,0.05,-73.1,-72.3,1238900000.0,1300845000.0,1365887250.0,1434181612.5000002,1505890693.1250002,1581185227.7812505,15811852277.812504,1131169565.2173915,1032806994.3289226,942997690.4742339,860997891.3025615,786128509.4501649,6835900082.175347,4.4,2025-02-28 10:16:03
IT,"Gartner, Inc.",491.39,16.02,12132893344.797335,157.94,136.17,76818200,0.03359831793942902,0.03359831793942902,-67.9,-72.3,1383185000.0,1429657689.399049,1477691782.992028,1527339741.3334756,1578655787.5643232,1631695966.631829,16316959666.31829,1243180599.4774342,1117347283.9259193,1004250672.3652344,902601570.214128,811241273.6894001,7054271945.125219,4.4,2025-02-28 10:16:03
GE,GE Aerospace,201.43,6.08,34407960848.96685,32.06,51.68,1073289984,0.15809274859336653,0.05,-84.1,-74.3,3678000000.0,3861900000.0,4054995000.0,4257744750.0000005,4470631987.500001,4694163586.875001,46941635868.75001,3358173913.0434785,3066158790.1701326,2799536286.6770782,2556098348.705159,2333828927.0786233,20294164583.292377,4.4,2025-02-28 10:16:03
GEHC,GE HealthCare Technologies Inc.,89.4,4.34,14208733351.893476,31.07,36.89,457297984,0.04481022416403335,0.04481022416403335,-65.2,-58.7,1550000000.0,1619455847.4542518,1692024027.0024314,1767844002.9433405,1847061489.0022738,1929828728.369219,19298287283.692192,1408222476.0471756,1279413252.9318955,1162386128.3427901,1056063401.146951,959465946.8554586,8343182146.569206,4.4,2025-02-28 10:16:03
GEV,GE Vernova Inc.,326.28,5.58,13048232797.115845,47.29,47.43,275900992,(-0.5437204721975911+0.790299324607308j),0,-85.5,-85.5,1700000000.0,1700000000.0,1700000000.0,1700000000.0,1700000000.0,1700000000.0,17000000000.0,1478260869.5652175,1285444234.404537,1117777595.13438,971980517.5081568,845200450.0070928,7349569130.49646,4.4,2025-02-28 10:16:03
GEN,Gen Digital Inc.,27.28,1.02,19121770520.741776,31.03,8.67,616300992,0.4293138997630046,0.05,13.7,-68.2,2044000000.0,2146200000.0,2253510000.0,2366185500.0000005,2484494775.0000005,2608719513.750001,26087195137.500008,1866260869.5652175,1703977315.6899815,1555805375.1952007,1420517951.2651834,1296994651.1551678,11278214357.871023,4.4,2025-02-28 10:16:03
GNRC,Generac Holdings Inc.,136.24,5.4,5655778160.559595,94.87,45.9,59614000,0.26148095957664474,0.05,-30.4,-66.3,604568000.0,634796400.0,666536220.0,699863031.0000001,734856182.5500002,771598991.6775002,7715989916.7750025,551996869.5652174,503997141.7769377,460171303.3615519,420156407.4170692,383621067.6416719,3335835370.7971473,4.4,2025-02-28 10:16:03
GD,General Dynamics Corporation,251.62,13.64,22737125810.799957,84.1,115.94,270351008,-0.018872447186110586,-0.018872447186110586,-66.6,-53.9,3196000000.0,3135683658.7931905,3076505634.5502663,3018444444.444444,2961479011.082458,2905588654.8530293,29055886548.530293,2726681442.4288616,2326280252.9680657,1984676218.9163768,1693235236.3420422,1444591081.5395787,12561661578.605034,4.4,2025-02-28 10:16:03
GIS,"General Mills, Inc.",59.98,4.6,20217764096.383926,36.68,39.1,551230976,0.010238425868505763,0.010238425868505763,-38.8,-34.8,2528500000.0,2554387859.808517,2580540770.550577,2606961445.930516,2633652627.436728,2660617084.6261344,26606170846.261345,2221206834.6161017,1951259561.8529887,1714119468.0236812,1505799437.5015693,1322796916.0132754,11502581878.376308,4.4,2025-02-28 10:16:03
GPC,Genuine Parts Company,122.69,6.47,4286702689.101182,30.89,54.99,138782000,-0.11663312799322878,-0.05,-74.8,-55.2,683912000.0,649716400.0,617230580.0,586369050.9999999,557050598.4499999,529198068.52749985,5291980685.274999,564970782.6086957,466714994.32892257,385547169.2282403,318495487.62332904,263104968.03666306,2287869287.275331,4.4,2025-02-28 10:16:03
GILD,"Gilead Sciences, Inc.",111.99,0.38,55981399790.28889,44.92,3.23,1246269952,-0.004319419740859587,-0.004319419740859587,-59.9,-97.1,7421000000.0,7388945586.103081,7357029628.674331,7325251529.662146,7293610693.598161,7262106527.586088,72621065275.86089,6425170074.872245,5562971363.836924,4816471787.400113,4170145586.1568036,3610550414.7736516,31396090563.24915,4.4,2025-02-28 10:16:03
GPN,Global Payments Inc.,103.25,6.16,26734611376.701633,107.97,52.36,247616000,0.07699814716312203,0.05,4.6,-49.3,2857766000.0,3000654300.0,3150687015.0,3308221365.7500005,3473632434.037501,3647314055.739376,36473140557.39376,2609264608.6956525,2382372034.0264654,2175209248.458947,1986060618.1581695,1813359694.8400679,15768345172.522331,4.4,2025-02-28 10:16:03
GL,Globe Life Inc.,124.18,11.95,10979431813.207108,130.79,101.57,83945104,-0.00041978254341945576,-0.00041978254341945576,5.3,-18.2,1432872000.0,1432270505.3474455,1431669263.1918461,1431068273.427208,1430467535.9475818,1429867050.6470628,14298670506.470627,1245452613.345605,1082547647.0259707,940950619.4968082,817874456.393499,710896632.1513011,6181709844.793923,4.4,2025-02-28 10:16:03
GDDY,GoDaddy Inc.,174.94,6.46,11797683367.762941,83.46,54.91,141356000,0.298426040352084,0.05,-52.3,-68.6,1261100000.0,1324155000.0,1390362750.0,1459880887.5000002,1532874931.8750002,1609518678.4687505,16095186784.687504,1151439130.4347827,1051313988.6578451,959895380.9484675,876426217.3877313,800215241.9627113,6958393408.371403,4.4,2025-02-28 10:16:03
HAL,Halliburton Company,26.1,2.83,22667343430.409645,26.11,24.05,868092032,0.29643140314245886,0.05,0.0,-7.9,2423000000.0,2544150000.0,2671357500.0,2804925375.0000005,2945171643.7500005,3092430225.937501,30924302259.375008,2212304347.826087,2019930056.7107754,1844283964.8228822,1683911446.1426318,1537484363.8693597,13369429251.03791,4.4,2025-02-28 10:16:03
HIG,"The Hartford Insurance Group, Inc.",117.47,10.35,53922644462.60058,188.95,87.97,285387008,0.13329488527775757,0.05,60.8,-25.1,5764000000.0,6052200000.0,6354810000.0,6672550500.000001,7006178025.000001,7356486926.250002,73564869262.50002,5262782608.695653,4805149338.374291,4387310265.47218,4005805024.996339,3657474153.2575274,31804123071.80459,4.4,2025-02-28 10:16:03
HAS,"Hasbro, Inc.",66.01,2.75,3236124820.7122264,23.2,23.38,139500992,-0.1532745717915015,-0.05,-64.9,-64.6,516300000.0,490485000.0,465960750.0,442662712.49999994,420529576.87499994,399503098.0312499,3995030980.312499,426508695.65217394,352333270.3213611,291057918.96112436,240439150.44614625,198623646.02072948,1727162139.3106914,4.4,2025-02-28 10:16:03
HCA,"HCA Healthcare, Inc.",320.94,21.98,46074831520.1764,185.53,186.83,248342000,0.015670410594899042,0.015670410594899042,-42.2,-41.8,5639000000.0,5727365445.344636,5817115613.500222,5908272203.641769,6000857254.979265,6094893152.086168,60948931520.86168,4980317778.560554,4398575133.081454,3884784879.5211773,3431009611.874896,3030239079.3461046,26349905037.792213,4.4,2025-02-28 10:16:03
DOC,"Healthpeak Properties, Inc.",20.18,0.36,10014578266.70377,14.32,3.06,699566016,0.10414884628578647,0.05,-29.0,-84.8,1070497000.0,1124021850.0,1180222942.5,1239234089.6250002,1301195794.1062503,1366255583.8115628,13662555838.115627,977410304.3478261,892418103.9697543,814816529.7115151,743962918.432253,679270490.7424918,5906699919.499929,4.4,2025-02-28 10:16:03
HSIC,"Henry Schein, Inc.",72.12,3.05,5806170378.913281,46.76,25.92,124177000,0.03395131961335851,0.03395131961335851,-35.2,-64.1,661000000.0,683441822.2644299,706645574.0092658,730637123.7458196,755443218.2554989,781091512.4082354,7810915124.082355,594297236.7516782,534325575.810409,480405768.8802957,431927111.8988278,388340528.1083302,3376874157.463741,4.4,2025-02-28 10:16:03
HSY,The Hershey Company,172.34,10.93,18014634975.708652,121.89,92.91,147796992,0.06659564130361262,0.05,-29.3,-46.1,1925654000.0,2021936700.0,2123033535.0,2229185211.7500005,2340644472.3375006,2457676695.9543757,24576766959.54376,1758205826.0869567,1605318362.9489605,1465725461.8229642,1338271073.8383589,1221899676.1132843,10625214574.898127,4.4,2025-02-28 10:16:03
HPE,Hewlett Packard Enterprise Company,19.84,1.93,12372865380.759123,9.42,16.41,1313410048,-0.16321212413964226,-0.05,-52.5,-17.3,1974000000.0,1875300000.0,1781535000.0,1692458249.9999998,1607835337.4999998,1527443570.6249995,15274435706.249996,1630695652.1739132,1347096408.3175805,1112818772.088436,919285072.5947951,759409407.7957002,6603560067.788698,4.4,2025-02-28 10:16:03
HLT,Hilton Worldwide Holdings Inc.,259.1,6.14,16979458657.116594,70.57,52.19,240596992,2.9257122052698445,0.05,-72.8,-79.9,1815000000.0,1905750000.0,2001037500.0,2101089375.0000002,2206143843.7500005,2316451035.9375005,23164510359.375004,1657173913.0434785,1513071833.6483934,1381500369.8528812,1261369902.9091527,1151685563.525748,10014657074.13694,4.4,2025-02-28 10:16:03
HOLX,"Hologic, Inc.",63.21,3.16,7176763354.087739,31.98,26.86,224390000,-0.1889547246354495,-0.05,-49.4,-57.5,1145000000.0,1087750000.0,1033362500.0,981694374.9999999,932609656.2499999,885979173.4374998,8859791734.374998,945869565.2173914,781370510.3969755,645479986.8496754,533222597.8323406,440488232.99193347,3830332460.7994223,4.4,2025-02-28 10:16:03
HD,"The Home Depot, Inc.",390.27,14.91,155804248829.96512,156.85,126.73,993363008,0.030987210666056475,0.030987210666056475,-59.8,-67.5,17946000000.0,18502096482.61305,19075424844.083485,19666519052.271626,20275929621.21238,20904224123.835022,209042241238.35022,16088779550.098305,14423761696.849518,12931055512.301556,11592828568.3441,10393093903.83205,90374729598.53958,4.4,2025-02-28 10:16:03
HON,Honeywell International Inc.,212.27,8.7,35820381941.477554,55.12,73.95,649918976,-0.013800305381662437,-0.013800305381662437,-74.0,-65.2,4933000000.0,4864923093.552259,4797785669.202936,4731574761.812172,4666277585.162997,4601881529.492142,46018815294.92142,4230367907.4367476,3627815250.8150754,3111087210.857022,2667959354.154966,2287948435.062404,19895203783.15134,4.4,2025-02-28 10:16:03
HRL,Hormel Foods Corporation,28.38,1.38,9451402833.558636,17.22,11.73,549012992,0.09498984990462889,0.05,-39.3,-58.7,1010297000.0,1060811850.0,1113852442.5,1169545064.6250002,1228022317.8562503,1289423433.7490628,12894234337.490627,922445086.9565219,842232470.699433,768994864.5516564,702125745.8949908,641071333.2084697,5574533332.247563,4.4,2025-02-28 10:16:03
HST,"Host Hotels & Resorts, Inc.",16.0,0.99,7291659504.270618,10.43,8.41,699107008,(-0.04185048684252801+1.6595636380361254j),0,-34.8,-47.4,950000000.0,950000000.0,950000000.0,950000000.0,950000000.0,950000000.0,9500000000.0,826086956.5217392,718336483.9319472,624640420.8103888,543165583.3133817,472317898.5333754,4107112161.159786,4.4,2025-02-28 10:16:03
HWM,Howmet Aerospace Inc.,133.42,2.82,9139906946.558079,22.57,23.97,405023008,0.5751364625189779,0.05,-83.1,-82.0,977000000.0,1025850000.0,1077142500.0,1130999625.0000002,1187549606.2500002,1246927086.5625002,12469270865.625002,892043478.2608696,814474480.1512289,743650612.3119917,678985341.6761664,619943138.052152,5390809896.10567,4.4,2025-02-28 10:16:03
HPQ,HP Inc.,33.13,2.78,19787809527.38427,20.98,23.63,942985024,-0.1847768173834763,-0.05,-36.7,-28.7,3157000000.0,2999150000.0,2849192500.0,2706732874.9999995,2571396231.2499995,2442826419.687499,24428264196.874992,2607956521.7391305,2154398865.784499,1779720802.1698036,1470204140.9228814,1214516464.2406409,10561012732.527313,4.4,2025-02-28 10:16:03
HUBB,Hubbell Incorporated,367.95,14.36,7585093707.542774,141.33,122.06,53667700,0.2136130321144385,0.05,-61.6,-66.8,810800000.0,851340000.0,893907000.0,938602350.0000001,985532467.5000002,1034809090.8750002,10348090908.750002,740295652.1739131,675922117.2022685,617146280.9238105,563481386.9304358,514483005.458224,4473765264.854122,4.4,2025-02-28 10:16:03
HUM,Humana Inc.,261.44,9.99,22367981073.92054,185.4,84.92,120645000,0.37487721984279854,0.05,-29.1,-67.5,2391000000.0,2510550000.0,2636077500.0,2767881375.0000005,2906275443.7500005,3051589215.937501,30515892159.375008,2183086956.5217395,1993253308.1285448,1819926933.5086715,1661672417.5513961,1517179163.851275,13192862294.358912,4.4,2025-02-28 10:16:03
HBAN,Huntington Bancshares Incorporated,16.21,1.22,11510766316.88856,7.92,10.37,1453760000,-0.02698422516343557,-0.02698422516343557,-51.1,-36.0,1672000000.0,1626882375.5267358,1582982215.1910973,1540266666.6666667,1498703764.121599,1458262404.2972534,14582624042.972534,1414680326.5449877,1196961977.4601872,1012750335.6072439,856888741.3190202,725014141.3767433,6304470794.580378,4.4,2025-02-28 10:16:03
HII,"Huntington Ingalls Industries, Inc.",174.28,13.96,162965805.4203329,4.16,118.66,39130200,-0.6071995120636753,-0.05,-97.6,-31.9,26000000.0,24700000.0,23465000.0,22291749.999999996,21177162.499999996,20118304.374999993,201183043.74999994,21478260.86956522,17742911.153119095,14657187.474315772,12108111.391826075,10002352.8888998,86976981.64260696,4.4,2025-02-28 10:16:03
IBM,International Business Machines Corporation,253.23,6.43,110015666009.7472,118.65,54.66,927264000,0.05454309455712636,0.05,-53.1,-78.4,11760000000.0,12348000000.0,12965400000.0,13613670000.000002,14294353500.000002,15009071175.000004,150090711750.00003,10737391304.347826,9803705103.969755,8951209007.972387,8172843007.279138,7462161006.64617,64888356579.53191,4.4,2025-02-28 10:16:03
IEX,IDEX Corporation,193.74,6.65,5641109405.091629,74.44,56.53,75784000,0.06973031039707123,0.05,-61.6,-70.8,603000000.0,633150000.0,664807500.0,698047875.0000001,732950268.7500001,769597782.1875002,7695977821.875002,550565217.3913044,502689981.0964084,458977808.8271556,419066695.0160986,382626112.84078574,3327183589.919876,4.4,2025-02-28 10:16:03
IDXX,"IDEXX Laboratories, Inc.",441.03,10.67,7466087815.764713,91.8,90.69,81328200,0.07860792124331906,0.05,-79.2,-79.4,798079000.0,837982950.0,879882097.5,923876202.3750001,970070012.4937502,1018573513.1184378,10185735131.184378,728680826.0869566,665317275.9924387,607463599.8191832,554640678.0957761,506411053.91353476,4403574381.856824,4.4,2025-02-28 10:16:03
ITW,Illinois Tool Works Inc.,261.15,11.7,26605829432.969475,90.65,99.45,293500000,0.07946776147549439,0.05,-65.3,-61.9,2844000000.0,2986200000.0,3135510000.0,3292285500.0000005,3456899775.0000005,3629744763.750001,36297447637.50001,2596695652.1739135,2370896030.245747,2164731158.050465,1976493666.046077,1804624651.607288,15692388274.845984,4.4,2025-02-28 10:16:03
INCY,Incyte Corporation,73.18,0.15,1474050781.6892836,7.62,1.27,193524000,-0.25488347361210695,-0.05,-89.6,-98.3,235174000.0,223415300.0,212244535.0,201632308.24999997,191550692.83749998,181973158.19562495,1819731581.9562495,194274173.9130435,160487361.05860117,132576515.65710528,109519730.32543482,90472820.70362006,786720180.0314788,4.4,2025-02-28 10:16:03
IR,Ingersoll Rand Inc.,83.09,2.06,11671389873.619099,28.96,17.51,403083008,0.31281299843091626,0.05,-65.1,-78.9,1247600000.0,1309980000.0,1375479000.0,1444252950.0000002,1516465597.5000002,1592288877.3750005,15922888773.750004,1139113043.478261,1040059735.3497167,949619758.3627849,867044127.2008038,791648985.7050818,6883904223.52245,4.4,2025-02-28 10:16:03
PODD,Insulet Corporation,267.09,5.79,2274230222.2267203,32.38,49.22,70226096,(-0.4209877331542633+1.0028786643824443j),0,-87.9,-81.6,296300000.0,296300000.0,296300000.0,296300000.0,296300000.0,296300000.0,2963000000.0,257652173.9130435,224045368.62003785,194822059.66959813,169410486.6692158,147313466.6688833,1280986666.6859417,4.4,2025-02-28 10:16:03
ICE,"Intercontinental Exchange, Inc.",170.84,4.78,36082519030.5778,62.8,40.63,574564992,0.13029528758364317,0.05,-63.2,-76.2,3857000000.0,4049850000.0,4252342500.0,4464959625.000001,4688207606.250001,4922617986.562501,49226179865.62501,3521608695.652174,3215381852.5519853,2935783430.590944,2680497914.887384,2447411139.6797853,21281835997.215527,4.4,2025-02-28 10:16:03
IFF,International Flavors & Fragrances Inc.,81.04,0.95,8756348927.306408,34.25,8.07,255682000,0.21488484703527377,0.05,-57.7,-90.0,936000000.0,982800000.0,1031940000.0,1083537000.0,1137713850.0000002,1194599542.5000002,11945995425.000002,854608695.652174,780294896.0302459,712443165.9406593,650491586.2936456,593927100.5289809,5164583482.8607025,4.4,2025-02-28 10:16:03
IP,International Paper Company,56.25,1.57,4744812103.9689245,9.02,13.35,526126016,-0.20044758324994372,-0.05,-84.0,-76.3,757000000.0,719150000.0,683192500.0,649032874.9999999,616581231.2499999,585752169.6874999,5857521696.874999,625347826.0869566,516591682.4196598,426749650.6945015,352532320.1389361,291222351.4191211,2532368273.209749,4.4,2025-02-28 10:16:03
IPG,"The Interpublic Group of Companies, Inc.",27.01,1.83,5725114102.728157,15.36,15.55,372648992,-0.21389971497666227,-0.05,-43.1,-42.4,913400000.0,867730000.0,824343500.0,783126324.9999999,743970008.7499999,706771508.3124998,7067715083.124998,754547826.0869566,623322117.2022685,514918270.7323087,425367267.12668985,351390351.10465676,3055568270.475277,4.4,2025-02-28 10:16:03
INTU,Intuit Inc.,600.42,10.69,43351411249.07896,155.07,90.86,279561984,0.1403425665887994,0.05,-74.2,-84.9,4634000000.0,4865700000.0,5108985000.0,5364434250.000001,5632655962.500001,5914288760.625002,59142887606.250015,4231043478.26087,3863126654.064273,3527202597.1891193,3220489327.8683267,2940446777.6189075,25569102414.077457,4.4,2025-02-28 10:16:03
ISRG,"Intuitive Surgical, Inc.",563.77,6.43,8172108350.270387,22.91,54.66,356656992,-0.09343437293962753,-0.05,-95.9,-90.3,1303800000.0,1238610000.0,1176679500.0,1117845524.9999998,1061953248.7499999,1008855586.3124996,10088555863.124996,1077052173.9130435,889738752.3629491,735001578.0389578,607175216.6408783,501579526.79029065,4361561102.524267,4.4,2025-02-28 10:16:03
IVZ,Invesco Ltd.,17.21,1.18,10470940676.090702,23.39,10.03,447601984,0.04962996087665372,0.04962996087665372,35.9,-41.7,1120900000.0,1176530223.1466413,1234921372.0916097,1296210471.4742599,1360541346.4614363,1428064960.2573872,14280649602.573872,1023069759.257949,933777975.1165292,852279425.6426466,777893930.6028419,710000674.7346499,6173918910.736086,4.4,2025-02-28 10:16:03
INVH,Invitation Homes Inc.,33.32,0.74,8288464274.261214,13.53,6.29,612606016,0.19100521388656277,0.05,-59.4,-81.1,885986000.0,930285300.0,976799565.0,1025639543.2500001,1076921520.4125001,1130767596.4331253,11307675964.331253,808943739.1304349,738600805.2930058,674374648.3110054,615733374.5448312,562191341.9757154,4888620365.006222,4.4,2025-02-28 10:16:03
IQV,IQVIA Holdings Inc.,186.5,7.5,14493878995.569424,82.3,63.75,176100000,-0.027999351768626446,-0.027999351768626446,-55.9,-65.8,2114000000.0,2054809370.3611238,1997276039.9829128,1941353605.560382,1886996963.0510056,1834162271.2962105,18341622712.962105,1786790756.8357599,1510227629.476683,1276471508.5463185,1078896638.0486097,911902810.0503463,7929589652.611707,4.4,2025-02-28 10:16:03
JBHT,"J.B. Hunt Transport Services, Inc.",158.9,5.56,5779405458.715957,57.79,47.26,100008000,0.3075752332855515,0.05,-63.6,-70.3,617783000.0,648672150.0,681105757.5,715161045.3750001,750919097.6437502,788465052.5259377,7884650525.259377,564062739.1304349,515013805.29300576,470229996.1370923,429340431.2556061,392006480.71164036,3408752006.188177,4.4,2025-02-28 10:16:03
JBL,Jabil Inc.,154.12,10.57,8718928632.74527,79.6,89.84,109535000,0.5039097786057665,0.05,-48.4,-41.7,932000000.0,978600000.0,1027530000.0,1078906500.0,1132851825.0000002,1189494416.2500002,11894944162.500002,850956521.7391305,776960302.4574671,709398537.0263829,647711707.7197412,591388950.5267202,5142512613.275828,4.4,2025-02-28 10:16:03
JKHY,"Jack Henry & Associates, Inc.",171.87,5.55,2939337927.260402,40.32,47.17,72897696,0.033201203680212066,0.033201203680212066,-76.5,-72.6,335618000.0,346760921.5767454,358273801.56235296,370168923.02130854,382458976.83062375,395157075.21970284,3951570752.197028,301531236.15369165,270906466.2097187,243392075.62837747,218672161.30909988,196462904.5877526,1708373083.371762,4.4,2025-02-28 10:16:03
J,Jacobs Solutions Inc.,126.54,3.66,8733513192.550474,71.27,31.11,122544000,0.13799512296890093,0.05,-43.7,-75.4,933559000.0,980236950.0,1029248797.5,1080711237.375,1134746799.2437503,1191484139.2059379,11914841392.05938,852379956.5217392,778259960.3024576,710585181.1457222,648795165.3939205,592378194.4901013,5151114734.696534,4.4,2025-02-28 10:16:03
JNJ,Johnson & Johnson,163.73,5.8,123049840060.0173,51.11,49.3,2407620096,-0.029526742740166756,-0.029526742740166756,-68.8,-69.9,18059000000.0,17525776552.855328,17008297457.257523,16506097833.788847,16018726529.40654,15545745712.14767,155457457121.4767,15239805698.135069,12860716413.805311,10853027259.826645,9158758883.455416,7728983100.942967,67208548703.8519,4.4,2025-02-28 10:16:03
JCI,Johnson Controls International plc,84.25,2.13,10053736611.315924,15.23,18.11,660139008,-0.060620385031149304,-0.05,-81.9,-78.5,1604000000.0,1523800000.0,1447610000.0,1375229499.9999998,1306468024.9999998,1241144623.7499995,12411446237.499996,1325043478.2608697,1094601134.215501,904235719.5693269,746977333.5572702,617068232.0690491,5365810713.643907,4.4,2025-02-28 10:16:03
JNPR,"Juniper Networks, Inc.",35.98,0.86,6165935113.762982,18.51,7.31,333190016,0.04482104515850738,0.04482104515850738,-48.6,-79.7,672600000.0,702746634.9736121,734244473.6347535,767154078.3449211,801538725.933952,837464529.3653301,8374645293.653301,611084030.4118366,555194308.9865812,504416259.2881869,458282368.0212419,416367880.63797367,3620590266.4171624,4.4,2025-02-28 10:16:03
K,Kellanova,82.5,3.88,8527484728.48736,24.7,32.98,345216000,-0.004667512521492667,-0.004667512521492667,-70.1,-60.0,1132000000.0,1126716375.8256702,1121457413.033333,1116222996.5156794,1111013011.7026641,1105827344.559001,11058273445.59001,979753370.2831916,847982921.0081915,733934739.2229339,635225295.337089,549791628.9714212,4780796773.664533,4.4,2025-02-28 10:16:03
KVUE,Kenvue Inc.,23.14,0.54,12489023309.779974,6.53,4.59,1911239936,2.24692471954847,0.05,-71.8,-80.2,1335000000.0,1401750000.0,1471837500.0,1545429375.0000002,1622700843.7500002,1703835885.9375005,17038358859.375004,1218913043.478261,1112920604.914934,1016144900.1397225,927784474.0406164,847107563.254476,7366152723.951964,4.4,2025-02-28 10:16:03
KDP,Keurig Dr Pepper Inc.,33.61,1.05,10009861202.164295,7.38,8.93,1356749952,-0.12925761995416662,-0.05,-78.0,-73.4,1597000000.0,1517150000.0,1441292500.0,1369227874.9999998,1300766481.2499998,1235728157.1874995,12357281571.874996,1319260869.5652175,1089824196.5973537,900289553.7108573,743717457.413317,614375290.906653,5342393833.970897,4.4,2025-02-28 10:16:03
KEYS,"Keysight Technologies, Inc.",158.21,3.5,5628588202.594576,32.52,29.75,173100000,-0.0786071958406458,-0.05,-79.4,-81.2,898000000.0,853100000.0,810445000.0,769922749.9999999,731426612.4999999,694855281.8749998,6948552818.749998,741826086.9565217,612812854.4423442,506236705.8436755,418195539.60999286,345465880.54738533,3004051135.194656,4.4,2025-02-28 10:16:03
KMB,Kimberly-Clark Corporation,140.19,7.56,23509300058.035263,70.88,64.26,331684992,0.1340592285141058,0.05,-49.4,-54.2,2513000000.0,2638650000.0,2770582500.0,2909111625.0000005,3054567206.2500005,3207295566.562501,32072955665.625008,2294478260.8695655,2094958412.098299,1912788115.3940995,1746458714.0554824,1594592738.9202232,13866023816.697594,4.4,2025-02-28 10:16:03
KIM,Kimco Realty Corporation,21.61,0.55,9407658509.216665,13.85,4.68,679481984,0.17564751861179717,0.05,-35.9,-78.3,1005621000.0,1055902050.0,1108697152.5,1164132010.1250002,1222338610.6312501,1283455541.162813,12834555411.62813,918175695.652174,838334330.8128545,765435693.3508674,698876067.8420963,638104235.8558272,5548732485.702847,4.4,2025-02-28 10:16:03
KMI,"Kinder Morgan, Inc.",26.21,1.17,18841354272.82772,8.48,9.95,2221959936,-0.12105880856145401,-0.05,-67.6,-62.0,3006000000.0,2855700000.0,2712915000.0,2577269249.9999995,2448405787.4999995,2325985498.1249995,23259854981.249996,2483217391.304348,2051353497.1644616,1694596367.2228158,1399883955.5318916,1156425876.3089538,10055877185.295252,4.4,2025-02-28 10:16:03
KLAC,KLA Corporation,699.16,23.77,28357015022.767994,213.39,202.04,132887000,0.1577306241683769,0.05,-69.5,-71.1,3031191000.0,3182750550.0,3341888077.5,3508982481.3750005,3684431605.443751,3868653185.7159386,38686531857.159386,2767609173.9130435,2526947506.6162577,2307212940.8235397,2106585728.578015,1923404360.875579,16725255311.96156,4.4,2025-02-28 10:16:03
KHC,The Kraft Heinz Company,30.65,2.26,18929105091.130978,15.84,19.21,1194989952,-0.12180729830785686,-0.05,-48.3,-37.3,3020000000.0,2869000000.0,2725550000.0,2589272499.9999995,2459808874.9999995,2336818431.2499995,23368184312.499996,2494782608.6956525,2060907372.4007564,1702488698.939755,1406403707.8197978,1161811758.6337461,10102710944.641272,4.4,2025-02-28 10:16:03
KR,The Kroger Co.,63.93,3.78,18076668570.470776,24.98,32.13,723606016,-0.0995366245088466,-0.05,-60.9,-49.7,2884000000.0,2739800000.0,2602810000.0,2472669499.9999995,2349036024.9999995,2231584223.7499995,22315842237.499996,2382434782.608696,1968098298.676749,1625820333.689488,1343068971.3087077,1109491758.9071932,9647754425.279942,4.4,2025-02-28 10:16:03
LHX,"L3Harris Technologies, Inc.",204.9,7.87,14725162074.840078,78.19,66.89,188314000,-0.02837386556800736,-0.02837386556800736,-61.8,-67.4,2151000000.0,2089967815.163216,2030667349.334313,1973049466.9509592,1917066426.6166644,1862671841.5429027,18626718415.429028,1817363317.5332315,1535476256.5854921,1297312051.9115374,1096088951.4355166,926077105.110354,8052844392.2639475,4.4,2025-02-28 10:16:03
LH,Labcorp Holdings Inc.,247.79,8.85,6869008698.467033,82.07,75.22,83700000,-0.2585045302175366,-0.05,-66.9,-69.6,1095900000.0,1041105000.0,989049750.0,939597262.4999999,892617399.3749999,847986529.4062498,8479865294.062498,905308695.652174,747863705.1039699,617800452.0424098,510356895.16546905,421599174.26712656,3666079776.2358837,4.4,2025-02-28 10:16:03
LRCX,Lam Research Corporation,76.17,3.29,39811442028.521614,31.01,27.96,1283660032,0.09525082478488112,0.05,-59.3,-63.3,4255599000.0,4468378950.0,4691797897.5,4926387792.375001,5172707181.993751,5431342541.093439,54313425410.93439,3885546913.0434785,3547673268.4310026,3239179940.7413507,2957512119.8073206,2700337152.8675537,23481192633.630905,4.4,2025-02-28 10:16:03
LVS,Las Vegas Sands Corp.,43.74,1.96,12464900036.774195,17.41,16.66,715934976,(-0.373112502092101+1.085800997006209j),0,-60.2,-61.9,1624000000.0,1624000000.0,1624000000.0,1624000000.0,1624000000.0,1624000000.0,16240000000.0,1412173913.0434785,1227977315.6899812,1067806361.469549,928527270.8430862,807415018.1244228,7021000157.603677,4.4,2025-02-28 10:16:03
LDOS,"Leidos Holdings, Inc.",129.67,9.22,11628356534.873789,88.65,78.37,131167000,0.10192441292446941,0.05,-31.6,-39.6,1243000000.0,1305150000.0,1370407500.0,1438927875.0000002,1510874268.7500002,1586417982.1875005,15864179821.875004,1134913043.478261,1036224952.7410209,946118435.1113671,863847266.8408136,788730113.2024821,6858522723.499845,4.4,2025-02-28 10:16:03
LEN,Lennar Corporation,120.37,14.31,14999603099.875654,64.23,121.64,233512000,-0.032914252582562864,-0.032914252582562864,-46.6,1.1,2231876000.0,2158415469.6030397,2087372837.6584144,2018668520.8457444,1952225555.270159,1887969510.245863,18879695102.45863,1876883017.0461216,1578353752.4827332,1327307320.3555484,1116191297.355375,938654517.4467494,8162213195.189126,4.4,2025-02-28 10:16:03
LII,Lennox International Inc.,602.25,22.52,7316603094.066606,205.64,191.42,35579700,0.2415166532364137,0.05,-65.9,-68.2,782100000.0,821205000.0,862265250.0,905378512.5000001,950647438.1250002,998179810.0312502,9981798100.312502,714091304.3478261,651996408.3175805,595301068.4638779,543535758.1626712,496271779.1920042,4315406775.582645,4.4,2025-02-28 10:16:03
LLY,Eli Lilly and Company,905.16,11.68,2596797430.2170744,2.89,99.28,898169984,-0.574751735329748,-0.05,-99.7,-89.0,414300000.0,393585000.0,373905750.0,355210462.49999994,337449939.37499994,320577442.4062499,3205774424.062499,342247826.08695656,282726465.0283554,233556645.023424,192938098.06282857,159383646.22581488,1385944749.7896948,4.4,2025-02-28 10:16:03
LIN,Linde plc,460.28,13.62,30875752211.56,65.29,115.77,472912000,-0.09469014863368208,-0.05,-85.8,-74.8,4926000000.0,4679700000.0,4445715000.0,4223429249.9999995,4012257787.4999995,3811644898.124999,38116448981.24999,4069304347.8260875,3361599243.8563333,2776973288.4030576,2294021412.159048,1895061166.5661697,16478792752.749304,4.4,2025-02-28 10:16:03
LYV,"Live Nation Entertainment, Inc.",140.96,2.73,6581430463.140483,28.48,23.2,231112992,-0.13470976044220384,-0.05,-79.8,-83.5,1050019000.0,997518050.0,947642147.5,900260040.1249999,855247038.1187499,812484686.2128123,8124846862.128123,867407000.0000001,716553608.6956522,591935589.7920605,488990269.82822394,403948483.7711415,3512595511.053405,4.4,2025-02-28 10:16:03
LKQ,LKQ Corporation,41.87,2.63,5077011630.402679,19.59,22.36,259155008,-0.08975092591266898,-0.05,-53.2,-46.6,810000000.0,769500000.0,731025000.0,694473749.9999999,659750062.4999999,626762559.3749998,6267625593.749998,669130434.7826087,552759924.3856333,456627763.62291443,377214239.51458156,311611763.07726294,2709667505.019678,4.4,2025-02-28 10:16:03
LMT,Lockheed Martin Corporation,446.46,22.32,33138469740.66539,140.78,189.72,235386000,-0.11775000698810412,-0.05,-68.5,-57.5,5287000000.0,5022650000.0,4771517500.0,4532941624.999999,4306294543.749999,4090979816.5624986,40909798165.624985,4367521739.130435,3607952741.0207944,2980482699.104134,2462137881.868633,2033939989.3697398,17686434690.171654,4.4,2025-02-28 10:16:03
L,Loews Corporation,85.79,6.41,21339850940.141647,101.16,54.48,210960992,0.037788077636726536,0.037788077636726536,17.9,-36.5,2393000000.0,2483426869.7846866,2577270797.145243,2674660906.1186357,2775731200.0909643,2880620746.1786857,28806207461.786858,2159501625.899728,1948786992.1703165,1758632962.0242531,1587033322.5458543,1432177618.2176428,12453718419.283852,4.4,2025-02-28 10:16:03
LOW,"Lowe's Companies, Inc.",245.5,12.23,38710646702.92216,69.13,103.95,560000000,-0.12623085697171388,-0.05,-71.8,-57.7,6176000000.0,5867200000.0,5573840000.0,5295147999.999999,5030390599.999999,4778871069.999998,47788710699.999985,5101913043.478261,4214623818.5255203,3481645763.1297774,2876142152.150686,2375943516.9940443,20660378408.643867,4.4,2025-02-28 10:16:03
LULU,Lululemon Athletica Inc.,362.16,13.83,15382538231.646368,131.85,117.56,116668000,0.420131499096029,0.05,-63.6,-67.5,1644299000.0,1726513950.0,1812839647.5,1903481629.8750002,1998655711.3687503,2098588496.9371881,20985884969.37188,1501316478.2608697,1370767219.2816637,1251570069.7789106,1142737889.798136,1043369377.6417764,9072777196.885012,4.4,2025-02-28 10:16:03
LYB,LyondellBasell Industries N.V.,75.99,6.59,31910156187.010853,98.49,56.02,324000000,0.3278246372542437,0.05,29.6,-26.3,3411000000.0,3581550000.0,3760627500.0,3948658875.0000005,4146091818.750001,4353396409.687501,43533964096.87501,3114391304.3478265,2843574669.187146,2596307306.6491337,2370541453.8970356,2164407414.427728,18820934038.501984,4.4,2025-02-28 10:16:03
MTB,M&T Bank Corporation,189.44,14.64,31751119935.126015,193.21,124.44,164332992,0.09770353294771583,0.05,2.0,-34.3,3394000000.0,3563700000.0,3741885000.0,3928979250.0000005,4125428212.500001,4331699623.125001,43316996231.25001,3098869565.2173915,2829402646.502836,2583367633.763459,2358726969.9579415,2153620276.918121,18727132842.766266,4.4,2025-02-28 10:16:03
MPC,Marathon Petroleum Corporation,147.98,10.08,93847495535.49142,300.24,85.68,312576000,(0.6074126020150241+2.784120295416512j),0,102.9,-42.1,12227000000.0,12227000000.0,12227000000.0,12227000000.0,12227000000.0,12227000000.0,122270000000.0,10632173913.04348,9245368620.03781,8039450973.945921,6990826933.866019,6078979942.49219,52860695152.10601,4.4,2025-02-28 10:16:03
MKTX,MarketAxess Holdings Inc.,191.35,7.27,3074750763.499628,81.57,61.8,37693200,0.12396521732215993,0.05,-57.4,-67.7,328672000.0,345105600.0,362360880.0,380478924.00000006,399502870.20000005,419478013.7100001,4194780137.100001,300091826.08695656,273996884.6880908,250171068.62825683,228417062.66058236,208554709.38574913,1813519212.0499926,4.4,2025-02-28 10:16:03
MAR,"Marriott International, Inc.",277.21,8.32,18700792206.928967,67.83,70.72,275695008,0.26224057505559495,0.05,-75.5,-74.5,1999000000.0,2098950000.0,2203897500.0,2314092375.0000005,2429796993.7500005,2551286843.4375005,25512868434.375004,1825173913.0434785,1666463137.9962196,1521553299.9095922,1389244317.3087583,1268440463.6297357,11029917075.041182,4.4,2025-02-28 10:16:03
MMC,"Marsh & McLennan Companies, Inc.",234.61,8.19,37289323530.174515,75.93,69.61,491131008,0.08623960927442265,0.05,-67.6,-70.3,3986000000.0,4185300000.0,4394565000.0,4614293250.000001,4845007912.500001,5087258308.125001,50872583081.25001,3639391304.3478265,3322922495.2741027,3033972713.076355,2770148998.895803,2529266477.25269,21993621541.327736,4.4,2025-02-28 10:16:03
MLM,"Martin Marietta Materials, Inc.",482.34,32.41,3785821018.226196,62.09,275.48,60974100,-0.054507745190251145,-0.05,-87.1,-42.9,604000000.0,573800000.0,545110000.0,517854499.99999994,491961774.99999994,467363686.2499999,4673636862.499999,498956521.7391305,412181474.4801513,340497739.78795105,281280741.5639596,232362351.72674918,2020542188.9282541,4.4,2025-02-28 10:16:03
MAS,Masco Corporation,74.71,3.76,8218858667.033363,38.77,31.96,211983008,0.041863858484431526,0.041863858484431526,-48.1,-57.2,907000000.0,944970519.6453794,984530631.7517732,1025746882.7930175,1068688605.1351112,1113428033.664412,11134280336.64412,821713495.3438083,744446602.4588078,674445225.8029212,611026178.5142915,553570514.7668668,4813656650.1466675,4.4,2025-02-28 10:16:03
MA,Mastercard Incorporated,564.82,13.89,127098030476.9069,140.46,118.06,904889984,0.1624525585706269,0.05,-75.1,-79.1,13586000000.0,14265300000.0,14978565000.0,15727493250.000002,16513867912.500004,17339561308.125004,173395613081.25003,12404608695.652174,11325947069.94329,10341082107.339527,9441857576.266527,8620826482.678135,74963708545.02725,4.4,2025-02-28 10:16:03
MTCH,"Match Group, Inc.",31.88,2.02,7162206702.409416,28.52,17.17,251091008,0.02963533597969148,0.02963533597969148,-10.5,-46.1,829379000.0,853957925.3195006,879265255.3488642,905322576.6063972,932152115.3341275,959776756.4562345,9597767564.562344,742572108.9734788,664850854.7061356,595264289.7058583,532960997.328699,477178674.3900925,4149379777.3051524,4.4,2025-02-28 10:16:03
MKC,"McCormick & Company, Incorporated",81.64,2.92,6052732645.264153,23.97,24.82,252518000,0.055443337185192565,0.05,-70.6,-69.6,647000000.0,679350000.0,713317500.0,748983375.0000001,786432543.7500001,825754170.9375002,8257541709.375002,590739130.4347826,539370510.3969755,492468726.8841951,449645359.3290478,410545762.8656524,3569963155.353499,4.4,2025-02-28 10:16:03
MCD,McDonald's Corporation,309.95,11.38,47139609441.85326,65.98,96.73,714460992,-0.020580720367220806,-0.020580720367220806,-78.7,-68.8,6672000000.0,6534685433.709903,6400196900.110968,6268476237.414631,6139466480.843832,6013111837.997661,60131118379.97661,5682335159.747742,4839468355.471432,4121624878.7143135,3510259886.6320996,2989579312.5991764,25996341848.68849,4.4,2025-02-28 10:16:03
MCK,McKesson Corporation,620.85,21.79,25275350503.66756,201.68,185.22,125326000,-0.02398340542433297,-0.02398340542433297,-67.5,-70.2,3627000000.0,3540012188.525944,3455110641.0014462,3372245321.712382,3291367394.971443,3212429196.3374124,32124291963.374123,3078271468.28343,2612560031.0029845,2217306038.7687235,1881849990.51401,1597145060.2119439,13888217914.886469,4.4,2025-02-28 10:16:03
MDT,Medtronic plc,90.74,3.28,43404907902.320274,33.84,27.88,1282540032,0.021048234045464964,0.021048234045464964,-62.7,-69.3,5200000000.0,5309450817.036418,5421205380.486286,5535312180.143295,5651820726.425664,5770781571.85848,57707815718.58481,4616913753.944712,4099210117.569971,3639557610.0227146,3231446843.8438487,2869098342.016133,24948681234.922897,4.4,2025-02-28 10:16:03
MRK,"Merck & Co., Inc.",90.58,6.74,169289412594.59058,67.02,57.29,2526040064,0.2326889468857325,0.05,-26.0,-36.8,18096000000.0,19000800000.0,19950840000.0,20948382000.000004,21995801100.000004,23095591155.000008,230955911550.00006,16522434782.608696,15085701323.251421,13773901208.18608,12576170668.343817,11482590610.226963,99848614001.9736,4.4,2025-02-28 10:16:03
META,"Meta Platforms, Inc.",658.24,23.83,505847541877.4702,230.99,202.55,2189900032,0.11513794675157074,0.05,-64.9,-69.2,54072000000.0,56775600000.0,59614380000.0,62595099000.00001,65724853950.000015,69011096647.50002,690110966475.0001,49370086956.52174,45077035916.8242,41157293663.187325,37578398562.04061,34310711730.558815,298354015048.3375,4.4,2025-02-28 10:16:03
MET,"MetLife, Inc.",84.05,5.94,136565365000.87495,200.47,50.49,681228032,0.05741135653211882,0.05,138.5,-39.9,14598000000.0,15327900000.0,16094295000.0,16899009750.000002,17743960237.500004,18631158249.375004,186311582493.75003,13328608695.652174,12169599243.856335,11111373222.651438,10145166855.46436,9262978433.250067,80547638550.00058,4.4,2025-02-28 10:16:03
MTD,Mettler-Toledo International Inc.,1253.3,40.48,7347818089.077177,351.29,344.08,20916500,0.025631097832537808,0.025631097832537808,-72.0,-72.5,864448000.0,886604751.2591417,909329404.3774576,932636515.3030595,956541013.0689894,981058209.3557955,9810582093.557955,770960653.2688189,687583670.6067734,613223647.770566,546905428.7650428,487759317.6651006,4241385371.000875,4.4,2025-02-28 10:16:03
MGM,MGM Resorts International,34.67,2.4,11337469875.102777,39.7,20.4,285551008,0.11142716057735891,0.05,14.5,-41.2,1211906000.0,1272501300.0,1336126365.0,1402932683.2500002,1473079317.4125004,1546733283.2831254,15467332832.831253,1106522869.5652175,1010303489.6030247,922451012.2462401,842237880.7465672,768999804.1599092,6686954818.781819,4.4,2025-02-28 10:16:03
MCHP,Microchip Technology Incorporated,57.12,0.57,24394290024.40619,45.36,4.84,537819008,0.12654008526681282,0.05,-20.6,-91.5,2607600000.0,2737980000.0,2874879000.0,3018622950.0000005,3169554097.5000005,3328031802.375001,33280318023.750008,2380852173.9130435,2173821550.094518,1984793589.2167344,1812202842.3283231,1654619986.4736865,14387999882.379883,4.4,2025-02-28 10:16:03
MU,"Micron Technology, Inc.",91.82,3.49,758417786.763857,0.68,29.66,1114169984,-0.6325057431785737,-0.05,-99.3,-67.7,121000000.0,114950000.0,109202500.0,103742374.99999999,98555256.24999999,93627493.43749997,936274934.3749998,99956521.73913044,82572778.82797733,68212295.55354647,56349287.631190576,46549411.521418296,404777491.4905939,4.4,2025-02-28 10:16:03
MSFT,Microsoft Corporation,392.53,12.4,692939659609.5225,93.21,105.4,7433979904,0.0969378136067316,0.05,-76.3,-73.1,74071000000.0,77774550000.0,81663277500.0,85746441375.00002,90033763443.75002,94535451615.93753,945354516159.3752,67630043478.26087,61749170132.32515,56379677077.34036,51477096461.91947,47000827204.36127,408702845255.31537,4.4,2025-02-28 10:16:03
